tickid,id,seqno,tradedate,ts,tradeprice,tradesize,askprice,asksize,bidprice,bidsize,type_
10,Security_27,1,2022-11-21,09:00:02,31.0,5600.0,,,,,CT 
19,Security_95,1,2022-11-21,09:00:04,,,1.0,8100.0,,,Q  
30,Security_79,1,2022-11-21,09:00:07,39.0,5900.0,,,,,T  
50,Security_60,1,2022-11-21,09:00:12,72.0,400.0,,,,,T  
63,Security_22,1,2022-11-21,09:00:16,,,18.0625,8700.0,,,Q  
77,Security_86,1,2022-11-21,09:00:19,,,,,29.0312,5300.0,Q  
81,Security_4,1,2022-11-21,09:00:20,62.0,3200.0,,,,,T  
94,Security_20,1,2022-11-21,09:00:24,,,55.0938,9400.0,,,Q  
109,Security_38,1,2022-11-21,09:00:27,,,29.0,100.0,,,Q  
121,Security_29,1,2022-11-21,09:00:30,,,,,11.0625,7800.0,Q  
132,Security_92,1,2022-11-21,09:00:33,,,2.0625,4400.0,,,Q  
148,Security_80,1,2022-11-21,09:00:37,,,80.0312,4300.0,,,Q  
158,Security_71,1,2022-11-21,09:00:40,,,,,92.0,2700.0,Q  
162,Security_96,1,2022-11-21,09:00:41,0.0,5400.0,,,,,T  
170,Security_15,1,2022-11-21,09:00:43,31.0,8500.0,,,,,CT 
184,Security_22,2,2022-11-21,09:00:46,18.0,8800.0,,,,,T  
198,Security_95,2,2022-11-21,09:00:50,,,,,1.0,6000.0,Q  
203,Security_73,1,2022-11-21,09:00:51,,,66.0938,1100.0,,,Q  
208,Security_2,1,2022-11-21,09:00:52,,,,,90.0312,7300.0,Q  
209,Security_51,1,2022-11-21,09:00:52,,,32.0938,3900.0,,,Q  
214,Security_69,1,2022-11-21,09:00:54,77.0,2000.0,,,,,T  
234,Security_46,1,2022-11-21,09:00:59,,,47.0938,5300.0,,,Q  
237,Security_18,1,2022-11-21,09:00:59,45.0,3800.0,,,,,CT 
244,Security_75,1,2022-11-21,09:01:01,,,,,35.0625,9300.0,Q  
245,Security_64,1,2022-11-21,09:01:01,56.0,4700.0,,,,,CT 
248,Security_15,2,2022-11-21,09:01:02,,,31.0312,8100.0,,,Q  
272,Security_84,1,2022-11-21,09:01:08,46.0,7600.0,,,,,T  
279,Security_52,1,2022-11-21,09:01:10,20.0,7900.0,,,,,CT 
291,Security_54,1,2022-11-21,09:01:13,,,,,26.9688,4900.0,Q  
297,Security_5,1,2022-11-21,09:01:15,,,43.0312,7500.0,,,Q  
299,Security_46,2,2022-11-21,09:01:15,47.0,2400.0,,,,,T  
312,Security_82,1,2022-11-21,09:01:19,31.0,600.0,,,,,T  
325,Security_20,2,2022-11-21,09:01:22,,,,,55.0312,8500.0,Q  
327,Security_16,1,2022-11-21,09:01:22,97.0,8900.0,,,,,T  
357,Security_92,2,2022-11-21,09:01:30,2.0,9500.0,,,,,CT 
359,Security_69,2,2022-11-21,09:01:31,77.0,3600.0,,,,,CT 
363,Security_81,1,2022-11-21,09:01:32,95.0,7100.0,,,,,CT 
364,Security_65,1,2022-11-21,09:01:32,54.0,3500.0,,,,,T  
388,Security_25,1,2022-11-21,09:01:38,75.0,2500.0,,,,,CT 
398,Security_22,3,2022-11-21,09:01:40,,,,,18.0312,3500.0,Q  
408,Security_58,1,2022-11-21,09:01:43,49.0,5800.0,,,,,T  
422,Security_71,2,2022-11-21,09:01:46,92.0,500.0,,,,,CT 
427,Security_49,1,2022-11-21,09:01:48,,,,,61.9375,3600.0,Q  
441,Security_17,1,2022-11-21,09:01:51,,,76.0625,7700.0,,,Q  
447,Security_48,1,2022-11-21,09:01:53,,,,,63.0625,300.0,Q  
452,Security_16,2,2022-11-21,09:01:54,97.0,6500.0,,,,,T  
461,Security_60,2,2022-11-21,09:01:56,,,72.0,6500.0,,,Q  
479,Security_36,1,2022-11-21,09:02:01,,,,,51.0,9700.0,Q  
487,Security_80,2,2022-11-21,09:02:03,80.0,6500.0,,,,,T  
489,Security_88,1,2022-11-21,09:02:03,,,32.0938,4300.0,,,Q  
492,Security_93,1,2022-11-21,09:02:04,,,73.0625,400.0,,,Q  
502,Security_63,1,2022-11-21,09:02:07,15.0,3700.0,,,,,T  
512,Security_93,2,2022-11-21,09:02:09,,,73.0625,7600.0,,,Q  
523,Security_93,3,2022-11-21,09:02:12,73.0,6600.0,,,,,CT 
528,Security_60,3,2022-11-21,09:02:13,,,72.0,1100.0,,,Q  
534,Security_27,2,2022-11-21,09:02:15,,,,,31.0312,3700.0,Q  
538,Security_5,2,2022-11-21,09:02:16,43.0,300.0,,,,,CT 
547,Security_54,2,2022-11-21,09:02:18,26.9688,3400.0,,,,,CT 
560,Security_17,2,2022-11-21,09:02:21,,,,,75.9688,3400.0,Q  
568,Security_68,1,2022-11-21,09:02:23,33.0,600.0,,,,,T  
592,Security_18,2,2022-11-21,09:02:29,,,45.0938,7000.0,,,Q  
600,Security_23,1,2022-11-21,09:02:31,,,,,52.9375,5000.0,Q  
612,Security_87,1,2022-11-21,09:02:34,98.0,2200.0,,,,,T  
619,Security_33,1,2022-11-21,09:02:36,,,69.0,8800.0,,,Q  
621,Security_52,2,2022-11-21,09:02:36,20.0,1800.0,,,,,CT 
622,Security_9,1,2022-11-21,09:02:37,,,61.0,800.0,,,Q  
625,Security_37,1,2022-11-21,09:02:37,,,97.0,2400.0,,,Q  
627,Security_72,1,2022-11-21,09:02:38,81.0,9800.0,,,,,CT 
635,Security_44,1,2022-11-21,09:02:40,15.0,6600.0,,,,,T  
650,Security_72,2,2022-11-21,09:02:44,,,,,81.0312,8700.0,Q  
653,Security_49,2,2022-11-21,09:02:44,,,,,61.9375,6300.0,Q  
691,Security_48,2,2022-11-21,09:02:54,63.0625,6200.0,,,,,CT 
695,Security_4,2,2022-11-21,09:02:55,,,,,62.0625,4900.0,Q  
698,Security_63,2,2022-11-21,09:02:56,,,15.0,5900.0,,,Q  
701,Security_92,3,2022-11-21,09:02:56,,,2.0938,7900.0,,,Q  
702,Security_26,1,2022-11-21,09:02:57,5.0,4200.0,,,,,T  
707,Security_27,3,2022-11-21,09:02:58,31.0312,3900.0,,,,,T  
709,Security_75,2,2022-11-21,09:02:58,,,,,35.0625,1600.0,Q  
721,Security_11,1,2022-11-21,09:03:01,,,73.0938,1300.0,,,Q  
749,Security_63,3,2022-11-21,09:03:09,15.0,100.0,,,,,T  
756,Security_73,2,2022-11-21,09:03:10,66.0,5600.0,,,,,CT 
759,Security_45,1,2022-11-21,09:03:11,,,87.0,9100.0,,,Q  
760,Security_16,3,2022-11-21,09:03:11,97.0,700.0,,,,,CT 
779,Security_22,4,2022-11-21,09:03:16,18.0312,8000.0,,,,,T  
790,Security_60,4,2022-11-21,09:03:19,72.0,3900.0,,,,,CT 
793,Security_28,1,2022-11-21,09:03:20,,,94.0312,7000.0,,,Q  
802,Security_5,3,2022-11-21,09:03:22,,,43.0625,5800.0,,,Q  
805,Security_1,1,2022-11-21,09:03:23,,,4.0,7500.0,,,Q  
810,Security_5,4,2022-11-21,09:03:24,43.0,2600.0,,,,,T  
812,Security_90,1,2022-11-21,09:03:25,50.0,5800.0,,,,,CT 
815,Security_71,3,2022-11-21,09:03:25,92.0,7500.0,,,,,T  
818,Security_83,1,2022-11-21,09:03:26,,,82.0938,1400.0,,,Q  
827,Security_93,4,2022-11-21,09:03:29,,,,,73.0,5000.0,Q  
847,Security_33,2,2022-11-21,09:03:34,69.0,2100.0,,,,,T  
848,Security_39,1,2022-11-21,09:03:34,,,,,76.0625,9000.0,Q  
850,Security_20,3,2022-11-21,09:03:34,,,,,55.0312,6700.0,Q  
852,Security_23,2,2022-11-21,09:03:35,,,53.0312,2800.0,,,Q  
863,Security_84,2,2022-11-21,09:03:38,,,,,46.0,2400.0,Q  
875,Security_52,3,2022-11-21,09:03:41,20.0,4800.0,,,,,T  
879,Security_66,1,2022-11-21,09:03:42,,,,,3.0,1200.0,Q  
887,Security_1,2,2022-11-21,09:03:44,4.0,5800.0,,,,,CT 
896,Security_90,2,2022-11-21,09:03:46,50.0,6200.0,,,,,T  
897,Security_81,2,2022-11-21,09:03:46,95.0,6000.0,,,,,T  
924,Security_7,1,2022-11-21,09:03:53,,,47.0,5300.0,,,Q  
925,Security_91,1,2022-11-21,09:03:53,,,42.0,5000.0,,,Q  
937,Security_70,1,2022-11-21,09:03:56,,,,,60.9375,7500.0,Q  
943,Security_68,2,2022-11-21,09:03:58,33.0,700.0,,,,,T  
954,Security_7,2,2022-11-21,09:04:01,47.0,2100.0,,,,,T  
959,Security_54,3,2022-11-21,09:04:02,,,26.9688,6400.0,,,Q  
961,Security_63,4,2022-11-21,09:04:02,15.0,7100.0,,,,,CT 
987,Security_77,1,2022-11-21,09:04:09,49.0,1900.0,,,,,CT 
990,Security_86,2,2022-11-21,09:04:10,29.0312,5800.0,,,,,T  
1013,Security_2,2,2022-11-21,09:04:15,,,90.0625,4800.0,,,Q  
1016,Security_56,1,2022-11-21,09:04:16,,,25.0312,7100.0,,,Q  
1020,Security_31,1,2022-11-21,09:04:17,,,68.0938,9200.0,,,Q  
1059,Security_77,2,2022-11-21,09:04:27,,,,,48.9375,1600.0,Q  
1076,Security_20,4,2022-11-21,09:04:31,55.0312,3800.0,,,,,CT 
1091,Security_62,1,2022-11-21,09:04:35,53.0,2100.0,,,,,CT 
1101,Security_32,1,2022-11-21,09:04:38,82.0,3800.0,,,,,T  
1118,Security_95,3,2022-11-21,09:04:42,,,,,1.0,3300.0,Q  
1119,Security_30,1,2022-11-21,09:04:42,,,,,22.0,9700.0,Q  
1140,Security_50,1,2022-11-21,09:04:47,,,43.0312,2700.0,,,Q  
1178,Security_6,1,2022-11-21,09:04:57,58.0,7500.0,,,,,T  
1180,Security_39,2,2022-11-21,09:04:58,76.0625,700.0,,,,,T  
1182,Security_18,3,2022-11-21,09:04:58,45.0,8400.0,,,,,T  
1194,Security_79,2,2022-11-21,09:05:01,39.0,2500.0,,,,,CT 
1206,Security_59,1,2022-11-21,09:05:04,,,,,90.0625,4700.0,Q  
1210,Security_0,1,2022-11-21,09:05:05,95.0,5500.0,,,,,T  
1237,Security_28,2,2022-11-21,09:05:12,,,,,94.0312,9100.0,Q  
1241,Security_52,4,2022-11-21,09:05:13,,,20.0938,2100.0,,,Q  
1277,Security_5,5,2022-11-21,09:05:22,,,43.0625,1800.0,,,Q  
1297,Security_11,2,2022-11-21,09:05:27,,,73.0,8300.0,,,Q  
1310,Security_95,4,2022-11-21,09:05:30,1.0,6700.0,,,,,T  
1311,Security_51,2,2022-11-21,09:05:30,,,32.0938,2300.0,,,Q  
1353,Security_78,1,2022-11-21,09:05:41,,,68.0938,6000.0,,,Q  
1357,Security_29,2,2022-11-21,09:05:42,11.0625,2500.0,,,,,CT 
1358,Security_13,1,2022-11-21,09:05:43,,,,,27.0312,200.0,Q  
1370,Security_85,1,2022-11-21,09:05:46,27.0,900.0,,,,,T  
1374,Security_18,4,2022-11-21,09:05:47,45.0,6000.0,,,,,T  
1378,Security_55,1,2022-11-21,09:05:48,,,27.0,1200.0,,,Q  
1405,Security_76,1,2022-11-21,09:05:55,,,83.0625,6700.0,,,Q  
1408,Security_89,1,2022-11-21,09:05:56,,,,,85.0625,3000.0,Q  
1413,Security_16,4,2022-11-21,09:05:57,97.0,700.0,,,,,T  
1415,Security_83,2,2022-11-21,09:05:58,82.0,6400.0,,,,,CT 
1428,Security_77,3,2022-11-21,09:06:01,,,49.0,6600.0,,,Q  
1438,Security_13,2,2022-11-21,09:06:03,,,,,26.9688,3500.0,Q  
1473,Security_44,2,2022-11-21,09:06:12,15.0,6300.0,,,,,T  
1474,Security_90,3,2022-11-21,09:06:12,,,,,50.0,9000.0,Q  
1479,Security_84,3,2022-11-21,09:06:14,,,46.0,7100.0,,,Q  
1495,Security_85,2,2022-11-21,09:06:18,27.0,3200.0,,,,,CT 
1496,Security_86,3,2022-11-21,09:06:18,29.0312,9200.0,,,,,T  
1521,Security_94,1,2022-11-21,09:06:24,,,,,66.9688,8800.0,Q  
1526,Security_36,2,2022-11-21,09:06:26,51.0,4700.0,,,,,T  
1538,Security_21,1,2022-11-21,09:06:29,,,12.0312,5200.0,,,Q  
1543,Security_81,3,2022-11-21,09:06:30,,,,,95.0,5300.0,Q  
1562,Security_24,1,2022-11-21,09:06:35,46.0,8300.0,,,,,CT 
1582,Security_86,4,2022-11-21,09:06:40,29.0312,3600.0,,,,,T  
1598,Security_38,2,2022-11-21,09:06:44,29.0,5300.0,,,,,CT 
1602,Security_88,2,2022-11-21,09:06:45,,,32.0938,4700.0,,,Q  
1603,Security_61,1,2022-11-21,09:06:45,,,53.0,2900.0,,,Q  
1605,Security_85,3,2022-11-21,09:06:46,,,,,26.9688,3100.0,Q  
1607,Security_46,3,2022-11-21,09:06:46,47.0,4700.0,,,,,T  
1611,Security_88,3,2022-11-21,09:06:47,32.0,9400.0,,,,,CT 
1637,Security_51,3,2022-11-21,09:06:54,,,32.0,8600.0,,,Q  
1644,Security_16,5,2022-11-21,09:06:56,97.0,4800.0,,,,,CT 
1645,Security_35,1,2022-11-21,09:06:56,58.0,8900.0,,,,,CT 
1651,Security_29,3,2022-11-21,09:06:57,11.0625,2700.0,,,,,T  
1659,Security_94,2,2022-11-21,09:06:59,,,,,66.9375,9400.0,Q  
1662,Security_8,1,2022-11-21,09:07:00,,,81.0312,8100.0,,,Q  
1663,Security_63,5,2022-11-21,09:07:00,15.0,400.0,,,,,CT 
1692,Security_50,2,2022-11-21,09:07:08,,,43.0,6100.0,,,Q  
1695,Security_65,2,2022-11-21,09:07:08,54.0,600.0,,,,,CT 
1708,Security_34,1,2022-11-21,09:07:12,,,52.0312,3400.0,,,Q  
1731,Security_13,3,2022-11-21,09:07:18,,,26.9688,1100.0,,,Q  
1735,Security_46,4,2022-11-21,09:07:19,47.0,2700.0,,,,,T  
1759,Security_16,6,2022-11-21,09:07:25,97.0,1000.0,,,,,CT 
1768,Security_91,2,2022-11-21,09:07:27,42.0,7300.0,,,,,CT 
1778,Security_13,4,2022-11-21,09:07:29,,,,,26.9375,7700.0,Q  
1788,Security_28,3,2022-11-21,09:07:32,,,94.125,6200.0,,,Q  
1800,Security_32,2,2022-11-21,09:07:35,,,82.0312,3700.0,,,Q  
1813,Security_71,4,2022-11-21,09:07:38,,,,,92.0625,5500.0,Q  
1828,Security_68,3,2022-11-21,09:07:42,,,33.0,1400.0,,,Q  
1867,Security_47,1,2022-11-21,09:07:52,,,63.0,9200.0,,,Q  
1871,Security_85,4,2022-11-21,09:07:53,,,,,27.0312,5900.0,Q  
1902,Security_64,2,2022-11-21,09:08:01,56.0,6800.0,,,,,T  
1905,Security_97,1,2022-11-21,09:08:01,84.0,2000.0,,,,,T  
1914,Security_1,3,2022-11-21,09:08:04,4.0,3500.0,,,,,T  
1917,Security_39,3,2022-11-21,09:08:04,,,76.1562,200.0,,,Q  
1918,Security_8,2,2022-11-21,09:08:05,,,,,81.0625,7100.0,Q  
1921,Security_59,2,2022-11-21,09:08:05,90.0625,8600.0,,,,,CT 
1935,Security_37,2,2022-11-21,09:08:09,97.0,5300.0,,,,,T  
1941,Security_87,2,2022-11-21,09:08:10,,,,,98.0,4900.0,Q  
1946,Security_77,4,2022-11-21,09:08:12,,,,,49.0,2600.0,Q  
1947,Security_30,2,2022-11-21,09:08:12,22.0,3000.0,,,,,T  
1961,Security_99,1,2022-11-21,09:08:15,87.0,6400.0,,,,,T  
1976,Security_47,2,2022-11-21,09:08:19,,,,,63.0312,6600.0,Q  
2015,Security_12,1,2022-11-21,09:08:29,20.0,2400.0,,,,,T  
2022,Security_17,3,2022-11-21,09:08:31,75.9688,3200.0,,,,,CT 
2032,Security_40,1,2022-11-21,09:08:34,10.0,5400.0,,,,,T  
2033,Security_6,2,2022-11-21,09:08:34,58.0,1900.0,,,,,CT 
2043,Security_56,2,2022-11-21,09:08:36,25.0,8200.0,,,,,CT 
2114,Security_25,2,2022-11-21,09:08:54,,,75.0625,2600.0,,,Q  
2121,Security_2,3,2022-11-21,09:08:56,,,,,90.0938,700.0,Q  
2128,Security_70,2,2022-11-21,09:08:58,,,,,60.9062,7200.0,Q  
2144,Security_71,5,2022-11-21,09:09:02,92.0625,9200.0,,,,,CT 
2146,Security_24,2,2022-11-21,09:09:02,,,,,46.0,8100.0,Q  
2147,Security_58,2,2022-11-21,09:09:03,49.0,7100.0,,,,,CT 
2154,Security_47,3,2022-11-21,09:09:04,,,63.125,3300.0,,,Q  
2158,Security_28,4,2022-11-21,09:09:05,94.0312,9500.0,,,,,CT 
2160,Security_11,3,2022-11-21,09:09:06,73.0,4600.0,,,,,T  
2167,Security_91,3,2022-11-21,09:09:08,42.0,4400.0,,,,,T  
2187,Security_58,3,2022-11-21,09:09:13,,,,,49.0,300.0,Q  
2193,Security_40,2,2022-11-21,09:09:14,10.0,9100.0,,,,,T  
2215,Security_46,5,2022-11-21,09:09:20,47.0,2700.0,,,,,CT 
2225,Security_59,3,2022-11-21,09:09:22,,,,,90.0312,1500.0,Q  
2238,Security_66,2,2022-11-21,09:09:25,,,,,2.9375,7300.0,Q  
2250,Security_46,6,2022-11-21,09:09:28,,,,,47.0,2400.0,Q  
2251,Security_38,3,2022-11-21,09:09:29,29.0,1000.0,,,,,CT 
2259,Security_48,3,2022-11-21,09:09:31,,,63.125,7500.0,,,Q  
2266,Security_89,2,2022-11-21,09:09:32,85.0625,4200.0,,,,,T  
2270,Security_75,3,2022-11-21,09:09:33,35.0625,2000.0,,,,,CT 
2272,Security_9,2,2022-11-21,09:09:34,61.0,1800.0,,,,,T  
2283,Security_12,2,2022-11-21,09:09:37,20.0,6100.0,,,,,CT 
2284,Security_4,3,2022-11-21,09:09:37,62.0625,8300.0,,,,,T  
2292,Security_44,3,2022-11-21,09:09:39,,,,,15.0625,9600.0,Q  
2294,Security_54,4,2022-11-21,09:09:39,26.9688,5800.0,,,,,CT 
2297,Security_38,4,2022-11-21,09:09:40,29.0,7600.0,,,,,CT 
2302,Security_85,5,2022-11-21,09:09:41,27.0312,5000.0,,,,,T  
2339,Security_52,5,2022-11-21,09:09:51,20.0,600.0,,,,,T  
2377,Security_36,3,2022-11-21,09:10:00,,,,,50.9688,1500.0,Q  
2382,Security_37,3,2022-11-21,09:10:01,,,97.0938,7800.0,,,Q  
2390,Security_16,7,2022-11-21,09:10:03,,,97.0625,8300.0,,,Q  
2420,Security_47,4,2022-11-21,09:10:11,63.0312,1900.0,,,,,T  
3189,Security_49,3,2022-11-21,09:13:26,,,,,62.0,4000.0,Q  
2454,Security_31,2,2022-11-21,09:10:20,68.0,3000.0,,,,,CT 
2458,Security_91,4,2022-11-21,09:10:21,,,42.0938,5800.0,,,Q  
2463,Security_28,5,2022-11-21,09:10:22,94.0312,1300.0,,,,,T  
2465,Security_5,6,2022-11-21,09:10:22,,,,,43.0,1600.0,Q  
2471,Security_89,3,2022-11-21,09:10:24,,,,,85.0312,400.0,Q  
2473,Security_11,4,2022-11-21,09:10:24,,,73.0625,3500.0,,,Q  
2499,Security_6,3,2022-11-21,09:10:31,58.0,3400.0,,,,,CT 
2527,Security_69,3,2022-11-21,09:10:38,77.0,6400.0,,,,,T  
2535,Security_11,5,2022-11-21,09:10:40,,,,,72.9688,6100.0,Q  
2545,Security_27,4,2022-11-21,09:10:42,,,31.125,5100.0,,,Q  
2552,Security_93,5,2022-11-21,09:10:44,,,,,73.0312,4500.0,Q  
2557,Security_21,2,2022-11-21,09:10:45,,,,,12.0312,5500.0,Q  
2563,Security_46,7,2022-11-21,09:10:47,47.0,7100.0,,,,,CT 
2587,Security_82,2,2022-11-21,09:10:53,31.0,2000.0,,,,,CT 
2601,Security_60,5,2022-11-21,09:10:57,72.0,400.0,,,,,CT 
2614,Security_76,2,2022-11-21,09:11:00,,,83.0625,5400.0,,,Q  
2615,Security_4,4,2022-11-21,09:11:00,,,,,62.0625,200.0,Q  
2619,Security_41,1,2022-11-21,09:11:01,,,16.0,4500.0,,,Q  
2624,Security_46,8,2022-11-21,09:11:02,47.0,4600.0,,,,,CT 
2645,Security_59,4,2022-11-21,09:11:08,,,,,90.0312,3800.0,Q  
2650,Security_21,3,2022-11-21,09:11:09,12.0312,3000.0,,,,,T  
2652,Security_39,4,2022-11-21,09:11:10,76.0625,7400.0,,,,,CT 
2658,Security_73,3,2022-11-21,09:11:11,,,66.0625,6300.0,,,Q  
2659,Security_23,3,2022-11-21,09:11:11,52.9375,4200.0,,,,,T  
2666,Security_2,4,2022-11-21,09:11:13,,,,,90.0312,3200.0,Q  
2670,Security_48,4,2022-11-21,09:11:14,63.0625,4700.0,,,,,T  
2671,Security_68,4,2022-11-21,09:11:14,33.0,500.0,,,,,T  
2675,Security_32,3,2022-11-21,09:11:15,,,82.0,2700.0,,,Q  
2690,Security_10,1,2022-11-21,09:11:19,,,70.0938,7600.0,,,Q  
2697,Security_66,3,2022-11-21,09:11:21,2.9375,7100.0,,,,,CT 
2708,Security_0,2,2022-11-21,09:11:24,,,,,94.9688,3400.0,Q  
2713,Security_31,3,2022-11-21,09:11:25,68.0,4800.0,,,,,T  
2717,Security_53,1,2022-11-21,09:11:26,,,,,20.9375,9100.0,Q  
2719,Security_19,1,2022-11-21,09:11:26,1.0,9900.0,,,,,T  
2734,Security_53,2,2022-11-21,09:11:30,,,,,20.9688,1400.0,Q  
2742,Security_46,9,2022-11-21,09:11:32,47.0,7600.0,,,,,CT 
2779,Security_3,1,2022-11-21,09:11:42,,,,,45.9375,5200.0,Q  
2783,Security_18,5,2022-11-21,09:11:43,,,,,44.9688,9000.0,Q  
2789,Security_32,4,2022-11-21,09:11:44,82.0,2900.0,,,,,CT 
2794,Security_9,3,2022-11-21,09:11:46,61.0,7600.0,,,,,T  
2801,Security_36,4,2022-11-21,09:11:47,,,51.0,100.0,,,Q  
2832,Security_89,4,2022-11-21,09:11:55,,,85.0938,5400.0,,,Q  
2836,Security_93,6,2022-11-21,09:11:56,73.0312,7400.0,,,,,CT 
2843,Security_53,3,2022-11-21,09:11:58,20.9688,8900.0,,,,,CT 
2860,Security_64,3,2022-11-21,09:12:02,56.0,8800.0,,,,,CT 
2873,Security_38,5,2022-11-21,09:12:06,,,,,29.0,5300.0,Q  
2895,Security_32,5,2022-11-21,09:12:11,82.0,1000.0,,,,,CT 
2900,Security_91,5,2022-11-21,09:12:13,,,,,42.0,3500.0,Q  
2914,Security_89,5,2022-11-21,09:12:16,85.0312,7200.0,,,,,CT 
2929,Security_59,5,2022-11-21,09:12:20,90.0312,4200.0,,,,,T  
2931,Security_47,5,2022-11-21,09:12:20,63.0312,4900.0,,,,,T  
2959,Security_15,3,2022-11-21,09:12:28,,,,,30.9375,4000.0,Q  
2963,Security_35,2,2022-11-21,09:12:29,58.0,100.0,,,,,CT 
2969,Security_59,6,2022-11-21,09:12:30,,,90.0312,5300.0,,,Q  
2970,Security_8,3,2022-11-21,09:12:30,81.0625,2500.0,,,,,CT 
2973,Security_38,6,2022-11-21,09:12:31,29.0,200.0,,,,,T  
2983,Security_1,4,2022-11-21,09:12:34,4.0,9100.0,,,,,T  
2994,Security_38,7,2022-11-21,09:12:36,29.0,3300.0,,,,,CT 
2999,Security_34,2,2022-11-21,09:12:38,,,,,51.9688,7600.0,Q  
3000,Security_28,6,2022-11-21,09:12:38,,,,,94.0312,1200.0,Q  
3006,Security_89,6,2022-11-21,09:12:39,,,,,85.0312,4100.0,Q  
3008,Security_44,4,2022-11-21,09:12:40,,,,,15.0625,5100.0,Q  
3010,Security_30,3,2022-11-21,09:12:40,22.0,3600.0,,,,,CT 
3038,Security_35,3,2022-11-21,09:12:48,,,,,57.9375,4500.0,Q  
3057,Security_44,5,2022-11-21,09:12:53,,,,,15.0938,8800.0,Q  
3068,Security_60,6,2022-11-21,09:12:55,72.0,8200.0,,,,,T  
3074,Security_87,3,2022-11-21,09:12:57,98.0,3000.0,,,,,T  
3081,Security_33,3,2022-11-21,09:12:59,69.0,5700.0,,,,,T  
3088,Security_29,4,2022-11-21,09:13:00,,,11.0938,1300.0,,,Q  
3097,Security_91,6,2022-11-21,09:13:03,,,,,42.0312,4800.0,Q  
3116,Security_29,5,2022-11-21,09:13:07,11.0625,3900.0,,,,,CT 
3121,Security_46,10,2022-11-21,09:13:09,,,47.0625,3300.0,,,Q  
3124,Security_55,2,2022-11-21,09:13:10,,,,,27.0625,6600.0,Q  
3128,Security_44,6,2022-11-21,09:13:11,,,,,15.0938,4200.0,Q  
3137,Security_10,2,2022-11-21,09:13:13,,,,,70.0625,4900.0,Q  
3152,Security_74,1,2022-11-21,09:13:17,93.0,400.0,,,,,CT 
3160,Security_26,2,2022-11-21,09:13:19,5.0,8400.0,,,,,T  
3167,Security_85,6,2022-11-21,09:13:21,,,,,27.0938,2200.0,Q  
3177,Security_65,3,2022-11-21,09:13:23,54.0,8200.0,,,,,CT 
3193,Security_27,5,2022-11-21,09:13:28,,,,,31.0,8900.0,Q  
3197,Security_82,3,2022-11-21,09:13:29,31.0,9200.0,,,,,T  
3204,Security_75,4,2022-11-21,09:13:30,35.0625,8800.0,,,,,T  
3214,Security_83,3,2022-11-21,09:13:33,,,82.0312,600.0,,,Q  
3226,Security_3,2,2022-11-21,09:13:36,45.9375,4800.0,,,,,T  
3237,Security_92,4,2022-11-21,09:13:39,,,2.0312,3800.0,,,Q  
3241,Security_80,3,2022-11-21,09:13:40,80.0,8500.0,,,,,T  
3246,Security_28,7,2022-11-21,09:13:41,,,94.0938,1500.0,,,Q  
3249,Security_25,3,2022-11-21,09:13:42,,,75.0938,3800.0,,,Q  
3251,Security_14,1,2022-11-21,09:13:42,,,82.0312,7800.0,,,Q  
3254,Security_75,5,2022-11-21,09:13:43,,,35.1562,5900.0,,,Q  
3257,Security_1,5,2022-11-21,09:13:44,,,,,4.0625,5700.0,Q  
3258,Security_85,7,2022-11-21,09:13:44,27.0938,4200.0,,,,,CT 
3265,Security_36,5,2022-11-21,09:13:46,,,,,50.9688,8800.0,Q  
3273,Security_94,3,2022-11-21,09:13:48,66.9375,7800.0,,,,,CT 
3276,Security_15,4,2022-11-21,09:13:48,30.9375,1900.0,,,,,CT 
3298,Security_18,6,2022-11-21,09:13:54,44.9688,7500.0,,,,,T  
3305,Security_73,4,2022-11-21,09:13:56,,,,,65.9688,5500.0,Q  
3310,Security_64,4,2022-11-21,09:13:57,,,,,56.0625,3000.0,Q  
3312,Security_54,5,2022-11-21,09:13:57,26.9688,9500.0,,,,,T  
3318,Security_97,2,2022-11-21,09:13:59,84.0,3400.0,,,,,T  
3319,Security_55,3,2022-11-21,09:13:59,27.0625,4700.0,,,,,CT 
3320,Security_18,7,2022-11-21,09:13:59,,,,,44.9375,9500.0,Q  
3326,Security_49,4,2022-11-21,09:14:01,,,62.0938,2200.0,,,Q  
3355,Security_74,2,2022-11-21,09:14:08,,,,,93.0,7700.0,Q  
3359,Security_64,5,2022-11-21,09:14:09,,,,,56.0625,7000.0,Q  
3382,Security_16,8,2022-11-21,09:14:15,,,,,97.0312,2300.0,Q  
3385,Security_70,3,2022-11-21,09:14:16,,,,,60.9688,4300.0,Q  
3395,Security_21,4,2022-11-21,09:14:18,12.0312,9100.0,,,,,CT 
3396,Security_54,6,2022-11-21,09:14:19,,,27.0312,7500.0,,,Q  
3437,Security_50,3,2022-11-21,09:14:29,,,43.0625,8100.0,,,Q  
3441,Security_71,6,2022-11-21,09:14:30,,,92.0625,5600.0,,,Q  
3450,Security_79,3,2022-11-21,09:14:32,,,39.0,3700.0,,,Q  
3452,Security_78,2,2022-11-21,09:14:33,,,,,67.9375,3400.0,Q  
3453,Security_77,5,2022-11-21,09:14:33,,,49.0312,2900.0,,,Q  
3454,Security_96,2,2022-11-21,09:14:33,,,0.0938,8400.0,,,Q  
3469,Security_36,6,2022-11-21,09:14:37,,,,,50.9375,9300.0,Q  
3480,Security_33,4,2022-11-21,09:14:40,,,69.0938,4500.0,,,Q  
3486,Security_84,4,2022-11-21,09:14:41,,,46.0,8700.0,,,Q  
3518,Security_5,7,2022-11-21,09:14:50,43.0,8300.0,,,,,T  
3521,Security_15,5,2022-11-21,09:14:50,30.9375,2700.0,,,,,CT 
3524,Security_47,6,2022-11-21,09:14:51,63.0312,5700.0,,,,,T  
3542,Security_83,4,2022-11-21,09:14:56,,,,,82.0625,4800.0,Q  
3545,Security_44,7,2022-11-21,09:14:56,15.0938,400.0,,,,,CT 
3547,Security_19,2,2022-11-21,09:14:57,,,1.0625,3700.0,,,Q  
3551,Security_59,7,2022-11-21,09:14:58,90.0312,7400.0,,,,,CT 
3562,Security_22,5,2022-11-21,09:15:01,18.0312,2700.0,,,,,CT 
3564,Security_52,6,2022-11-21,09:15:01,20.0,6200.0,,,,,T  
3567,Security_24,3,2022-11-21,09:15:02,46.0,3200.0,,,,,CT 
3606,Security_33,5,2022-11-21,09:15:12,,,,,69.0,7600.0,Q  
3607,Security_85,8,2022-11-21,09:15:13,,,27.0938,8500.0,,,Q  
3609,Security_16,9,2022-11-21,09:15:13,,,97.0625,9900.0,,,Q  
3618,Security_43,1,2022-11-21,09:15:15,10.0,5400.0,,,,,T  
3635,Security_61,2,2022-11-21,09:15:20,,,,,53.0625,8500.0,Q  
3646,Security_91,7,2022-11-21,09:15:22,,,42.0938,2000.0,,,Q  
3654,Security_10,3,2022-11-21,09:15:24,,,,,70.125,1700.0,Q  
3660,Security_84,5,2022-11-21,09:15:26,,,,,45.9375,1700.0,Q  
3669,Security_41,2,2022-11-21,09:15:28,,,,,16.0625,8500.0,Q  
3674,Security_46,11,2022-11-21,09:15:30,,,47.0938,700.0,,,Q  
3678,Security_82,4,2022-11-21,09:15:31,,,31.0938,8600.0,,,Q  
3690,Security_60,7,2022-11-21,09:15:34,,,72.0312,7000.0,,,Q  
3702,Security_96,3,2022-11-21,09:15:37,0.0,5200.0,,,,,CT 
3703,Security_81,4,2022-11-21,09:15:37,95.0,6800.0,,,,,CT 
3716,Security_41,3,2022-11-21,09:15:40,16.0625,4400.0,,,,,T  
3717,Security_6,4,2022-11-21,09:15:40,58.0,5300.0,,,,,CT 
3722,Security_21,5,2022-11-21,09:15:42,,,12.0938,5700.0,,,Q  
3726,Security_20,5,2022-11-21,09:15:43,55.0312,7200.0,,,,,T  
3738,Security_70,4,2022-11-21,09:15:46,,,,,61.0312,5000.0,Q  
3743,Security_67,1,2022-11-21,09:15:47,63.0,5900.0,,,,,CT 
3770,Security_66,4,2022-11-21,09:15:54,,,,,3.0,6200.0,Q  
3771,Security_8,4,2022-11-21,09:15:54,81.0625,3800.0,,,,,T  
3800,Security_10,4,2022-11-21,09:16:02,70.125,9700.0,,,,,T  
3807,Security_96,4,2022-11-21,09:16:03,0.0,7100.0,,,,,T  
3951,Security_98,1,2022-11-21,09:16:40,,,23.0,7100.0,,,Q  
3961,Security_62,2,2022-11-21,09:16:42,,,53.0312,600.0,,,Q  
3966,Security_37,4,2022-11-21,09:16:44,97.0,1400.0,,,,,CT 
3978,Security_79,4,2022-11-21,09:16:47,39.0,8700.0,,,,,T  
3990,Security_61,3,2022-11-21,09:16:50,53.0625,1400.0,,,,,T  
3991,Security_46,13,2022-11-21,09:16:50,47.0625,800.0,,,,,CT 
3996,Security_96,5,2022-11-21,09:16:51,0.0,2800.0,,,,,T  
4009,Security_44,8,2022-11-21,09:16:54,15.0938,1300.0,,,,,T  
4013,Security_86,5,2022-11-21,09:16:55,29.0312,5800.0,,,,,CT 
4045,Security_8,5,2022-11-21,09:17:04,81.0625,700.0,,,,,CT 
4055,Security_17,4,2022-11-21,09:17:06,75.9688,7200.0,,,,,CT 
4078,Security_24,4,2022-11-21,09:17:12,46.0,9600.0,,,,,T  
4086,Security_83,5,2022-11-21,09:17:14,82.0625,7100.0,,,,,CT 
4089,Security_88,4,2022-11-21,09:17:15,,,32.0312,8500.0,,,Q  
4106,Security_20,6,2022-11-21,09:17:19,55.0312,8500.0,,,,,CT 
4115,Security_2,6,2022-11-21,09:17:22,,,90.125,7700.0,,,Q  
4175,Security_41,4,2022-11-21,09:17:37,16.0625,9500.0,,,,,T  
4180,Security_22,7,2022-11-21,09:17:38,18.0312,600.0,,,,,T  
4191,Security_25,4,2022-11-21,09:17:41,,,75.0,2400.0,,,Q  
4197,Security_76,3,2022-11-21,09:17:43,,,,,83.0625,800.0,Q  
4231,Security_84,6,2022-11-21,09:17:51,45.9375,4500.0,,,,,T  
4240,Security_36,7,2022-11-21,09:17:53,,,50.9688,9700.0,,,Q  
4252,Security_95,5,2022-11-21,09:17:56,1.0,5700.0,,,,,CT 
4577,Security_25,5,2022-11-21,09:19:18,75.0,1200.0,,,,,T  
4584,Security_19,4,2022-11-21,09:19:20,1.0,2300.0,,,,,T  
4589,Security_51,5,2022-11-21,09:19:21,,,32.0312,3900.0,,,Q  
4597,Security_40,4,2022-11-21,09:19:23,10.0,6600.0,,,,,T  
4599,Security_18,8,2022-11-21,09:19:24,,,,,44.9688,5400.0,Q  
4606,Security_32,8,2022-11-21,09:19:26,82.0,4200.0,,,,,T  
4660,Security_16,10,2022-11-21,09:19:39,,,,,97.0625,9300.0,Q  
4669,Security_23,4,2022-11-21,09:19:42,,,52.9375,3000.0,,,Q  
4674,Security_48,6,2022-11-21,09:19:43,63.0625,7000.0,,,,,T  
4678,Security_73,6,2022-11-21,09:19:44,,,65.9688,6100.0,,,Q  
4679,Security_42,1,2022-11-21,09:19:44,,,41.0938,2400.0,,,Q  
4703,Security_41,6,2022-11-21,09:19:50,,,16.0938,1400.0,,,Q  
4705,Security_77,6,2022-11-21,09:19:51,,,49.0938,2900.0,,,Q  
4713,Security_70,6,2022-11-21,09:19:53,61.0312,6500.0,,,,,T  
4720,Security_36,9,2022-11-21,09:19:54,,,,,50.9688,3000.0,Q  
4724,Security_22,8,2022-11-21,09:19:55,18.0312,7300.0,,,,,CT 
4730,Security_54,8,2022-11-21,09:19:57,26.9688,8900.0,,,,,T  
4735,Security_33,8,2022-11-21,09:19:58,,,69.0312,2300.0,,,Q  
4749,Security_35,5,2022-11-21,09:20:02,,,,,57.9062,1800.0,Q  
4750,Security_70,7,2022-11-21,09:20:02,,,,,61.0938,9900.0,Q  
4751,Security_81,6,2022-11-21,09:20:02,95.0,4400.0,,,,,T  
4754,Security_9,4,2022-11-21,09:20:03,61.0,2100.0,,,,,T  
4755,Security_73,7,2022-11-21,09:20:03,65.9688,6800.0,,,,,T  
4776,Security_62,3,2022-11-21,09:20:08,53.0,6700.0,,,,,T  
4810,Security_57,1,2022-11-21,09:20:17,64.0,1200.0,,,,,T  
4811,Security_90,4,2022-11-21,09:20:17,,,50.0625,4300.0,,,Q  
5163,Security_80,5,2022-11-21,09:21:46,80.0,2900.0,,,,,CT 
5171,Security_21,6,2022-11-21,09:21:49,,,,,11.9688,3500.0,Q  
5172,Security_27,8,2022-11-21,09:21:49,,,31.1562,7900.0,,,Q  
5174,Security_72,4,2022-11-21,09:21:49,,,,,81.0,6300.0,Q  
5186,Security_33,9,2022-11-21,09:21:52,,,69.0312,6000.0,,,Q  
5187,Security_54,10,2022-11-21,09:21:53,26.9688,3500.0,,,,,CT 
5195,Security_81,7,2022-11-21,09:21:55,95.0,6000.0,,,,,CT 
5199,Security_86,7,2022-11-21,09:21:56,29.0312,4300.0,,,,,T  
5202,Security_18,9,2022-11-21,09:21:56,44.9688,4500.0,,,,,CT 
5204,Security_22,10,2022-11-21,09:21:57,,,18.0,6700.0,,,Q  
5225,Security_46,14,2022-11-21,09:22:02,,,,,47.0312,5400.0,Q  
5227,Security_60,9,2022-11-21,09:22:03,,,,,72.0625,4600.0,Q  
5234,Security_24,6,2022-11-21,09:22:04,,,46.0312,300.0,,,Q  
5255,Security_14,2,2022-11-21,09:22:10,,,,,82.0625,5000.0,Q  
5258,Security_97,4,2022-11-21,09:22:10,84.0,900.0,,,,,CT 
5262,Security_87,5,2022-11-21,09:22:11,,,,,98.0625,4000.0,Q  
5280,Security_83,7,2022-11-21,09:22:16,82.125,4300.0,,,,,T  
5289,Security_46,15,2022-11-21,09:22:18,,,47.0938,5000.0,,,Q  
5291,Security_87,6,2022-11-21,09:22:19,98.0625,6300.0,,,,,T  
5298,Security_92,6,2022-11-21,09:22:21,2.0,5100.0,,,,,T  
5299,Security_56,4,2022-11-21,09:22:21,,,,,25.0625,6700.0,Q  
5301,Security_50,6,2022-11-21,09:22:21,43.0,1200.0,,,,,T  
5303,Security_47,8,2022-11-21,09:22:22,,,63.0625,5000.0,,,Q  
5304,Security_35,7,2022-11-21,09:22:22,57.9062,4800.0,,,,,T  
5313,Security_89,8,2022-11-21,09:22:24,85.0312,1600.0,,,,,CT 
5324,Security_7,3,2022-11-21,09:22:27,,,47.0312,5900.0,,,Q  
5332,Security_77,7,2022-11-21,09:22:29,,,,,49.0312,9900.0,Q  
5335,Security_51,6,2022-11-21,09:22:30,,,,,32.0,5600.0,Q  
5341,Security_11,7,2022-11-21,09:22:31,,,73.0,4900.0,,,Q  
5351,Security_15,6,2022-11-21,09:22:34,,,31.0312,800.0,,,Q  
5356,Security_13,6,2022-11-21,09:22:35,26.9375,5500.0,,,,,T  
5368,Security_91,8,2022-11-21,09:22:38,42.0312,4700.0,,,,,CT 
5372,Security_63,7,2022-11-21,09:22:39,,,15.0,1300.0,,,Q  
5376,Security_32,10,2022-11-21,09:22:40,,,82.0,6800.0,,,Q  
5386,Security_35,8,2022-11-21,09:22:43,57.9062,2900.0,,,,,T  
5395,Security_14,3,2022-11-21,09:22:45,82.0625,6400.0,,,,,T  
5397,Security_38,9,2022-11-21,09:22:45,,,29.0312,9100.0,,,Q  
5419,Security_23,6,2022-11-21,09:22:51,,,,,52.9688,4200.0,Q  
5435,Security_63,8,2022-11-21,09:22:55,15.0,4400.0,,,,,CT 
5441,Security_47,9,2022-11-21,09:22:56,,,63.0312,1200.0,,,Q  
5448,Security_94,5,2022-11-21,09:22:58,66.9375,6000.0,,,,,T  
5461,Security_17,5,2022-11-21,09:23:02,,,76.0625,9800.0,,,Q  
5779,Security_27,9,2022-11-21,09:24:23,31.0625,9300.0,,,,,CT 
5780,Security_46,16,2022-11-21,09:24:23,,,47.0625,7400.0,,,Q  
5784,Security_52,8,2022-11-21,09:24:24,,,,,20.0625,500.0,Q  
5792,Security_77,8,2022-11-21,09:24:26,,,49.125,6900.0,,,Q  
5798,Security_46,17,2022-11-21,09:24:27,47.0312,8000.0,,,,,T  
5801,Security_23,8,2022-11-21,09:24:28,52.9688,1400.0,,,,,T  
5806,Security_9,6,2022-11-21,09:24:29,61.0,600.0,,,,,CT 
5808,Security_8,6,2022-11-21,09:24:30,81.0625,8100.0,,,,,T  
5820,Security_52,9,2022-11-21,09:24:33,,,20.125,7800.0,,,Q  
5831,Security_94,6,2022-11-21,09:24:36,66.9375,700.0,,,,,CT 
5839,Security_12,3,2022-11-21,09:24:38,,,20.0312,8500.0,,,Q  
5880,Security_13,7,2022-11-21,09:24:48,,,,,27.0,2600.0,Q  
5882,Security_92,7,2022-11-21,09:24:48,,,,,2.0,8100.0,Q  
5897,Security_75,9,2022-11-21,09:24:52,35.0938,4900.0,,,,,T  
5917,Security_99,4,2022-11-21,09:24:57,,,,,87.0,4000.0,Q  
5919,Security_70,8,2022-11-21,09:24:58,61.0938,9500.0,,,,,CT 
5925,Security_18,11,2022-11-21,09:24:59,,,,,45.0625,1600.0,Q  
5944,Security_69,6,2022-11-21,09:25:04,77.0,6300.0,,,,,CT 
5949,Security_64,7,2022-11-21,09:25:05,56.0625,4300.0,,,,,T  
5952,Security_45,2,2022-11-21,09:25:06,87.0,7100.0,,,,,CT 
5964,Security_3,4,2022-11-21,09:25:09,45.9375,3600.0,,,,,T  
5973,Security_24,7,2022-11-21,09:25:11,46.0,3500.0,,,,,CT 
5977,Security_98,2,2022-11-21,09:25:12,23.0,6800.0,,,,,T  
5995,Security_54,12,2022-11-21,09:25:17,,,27.0312,600.0,,,Q  
6026,Security_72,7,2022-11-21,09:25:25,,,81.0625,4900.0,,,Q  
6034,Security_91,9,2022-11-21,09:25:27,42.0312,3900.0,,,,,T  
6040,Security_41,7,2022-11-21,09:25:28,16.0625,3300.0,,,,,CT 
6044,Security_40,5,2022-11-21,09:25:29,,,10.0625,1300.0,,,Q  
6054,Security_36,13,2022-11-21,09:25:32,50.9688,4600.0,,,,,CT 
6055,Security_65,5,2022-11-21,09:25:32,,,54.0312,6900.0,,,Q  
6062,Security_74,4,2022-11-21,09:25:34,93.0,9900.0,,,,,CT 
6070,Security_13,8,2022-11-21,09:25:36,,,27.0312,9000.0,,,Q  
6078,Security_24,8,2022-11-21,09:25:38,46.0,6100.0,,,,,CT 
6087,Security_37,7,2022-11-21,09:25:40,,,97.0312,6700.0,,,Q  
6092,Security_99,5,2022-11-21,09:25:42,,,87.0,300.0,,,Q  
6107,Security_33,10,2022-11-21,09:25:45,,,69.125,7600.0,,,Q  
6121,Security_25,7,2022-11-21,09:25:49,,,,,75.0,6500.0,Q  
6128,Security_94,7,2022-11-21,09:25:51,66.9375,1900.0,,,,,T  
6141,Security_67,3,2022-11-21,09:25:54,,,63.0312,2600.0,,,Q  
6148,Security_10,5,2022-11-21,09:25:56,,,70.2188,3500.0,,,Q  
6170,Security_19,6,2022-11-21,09:26:01,,,1.0312,9700.0,,,Q  
6173,Security_17,6,2022-11-21,09:26:02,,,,,75.9688,4600.0,Q  
6174,Security_40,6,2022-11-21,09:26:02,10.0,2200.0,,,,,CT 
6187,Security_24,9,2022-11-21,09:26:05,46.0,500.0,,,,,T  
6226,Security_98,3,2022-11-21,09:26:15,23.0,5200.0,,,,,T  
6238,Security_0,3,2022-11-21,09:26:18,,,,,95.0312,8700.0,Q  
6246,Security_20,7,2022-11-21,09:26:20,55.0312,4400.0,,,,,T  
6249,Security_38,10,2022-11-21,09:26:21,29.0,800.0,,,,,T  
6259,Security_39,6,2022-11-21,09:26:23,76.0625,500.0,,,,,T  
6296,Security_4,6,2022-11-21,09:26:33,,,62.0625,3700.0,,,Q  
6298,Security_79,7,2022-11-21,09:26:33,,,39.0938,9000.0,,,Q  
6306,Security_75,10,2022-11-21,09:26:36,35.0938,6000.0,,,,,T  
6309,Security_98,4,2022-11-21,09:26:36,23.0,400.0,,,,,T  
6312,Security_3,5,2022-11-21,09:26:37,45.9375,700.0,,,,,CT 
6321,Security_55,6,2022-11-21,09:26:39,,,,,27.0312,4000.0,Q  
6334,Security_5,8,2022-11-21,09:26:43,,,43.0312,3000.0,,,Q  
6344,Security_92,8,2022-11-21,09:26:45,2.0,8300.0,,,,,CT 
6348,Security_47,10,2022-11-21,09:26:46,,,,,63.0938,6500.0,Q  
6359,Security_70,9,2022-11-21,09:26:49,61.0938,6200.0,,,,,CT 
6372,Security_9,7,2022-11-21,09:26:52,61.0,9100.0,,,,,T  
6399,Security_34,4,2022-11-21,09:26:59,51.9688,1000.0,,,,,CT 
6400,Security_20,8,2022-11-21,09:26:59,55.0312,9000.0,,,,,T  
6406,Security_10,6,2022-11-21,09:27:01,,,,,70.0938,2100.0,Q  
6424,Security_72,8,2022-11-21,09:27:05,,,,,80.9375,9500.0,Q  
6448,Security_12,4,2022-11-21,09:27:11,,,20.0938,3600.0,,,Q  
6456,Security_65,6,2022-11-21,09:27:13,54.0,7900.0,,,,,CT 
6457,Security_32,12,2022-11-21,09:27:13,82.0,300.0,,,,,CT 
6459,Security_39,7,2022-11-21,09:27:14,76.0625,9600.0,,,,,CT 
6462,Security_39,8,2022-11-21,09:27:15,,,76.1562,2800.0,,,Q  
6466,Security_2,9,2022-11-21,09:27:16,90.0,1300.0,,,,,CT 
6478,Security_72,9,2022-11-21,09:27:19,,,,,80.875,4700.0,Q  
6480,Security_6,7,2022-11-21,09:27:19,57.9688,9600.0,,,,,T  
6483,Security_64,8,2022-11-21,09:27:20,,,56.1562,6900.0,,,Q  
6525,Security_81,8,2022-11-21,09:27:30,,,,,95.0,7400.0,Q  
6531,Security_87,7,2022-11-21,09:27:32,98.0625,3000.0,,,,,T  
6542,Security_67,4,2022-11-21,09:27:35,63.0,1000.0,,,,,T  
6557,Security_66,6,2022-11-21,09:27:38,,,3.0625,9000.0,,,Q  
6574,Security_40,7,2022-11-21,09:27:43,10.0,7600.0,,,,,T  
6575,Security_69,7,2022-11-21,09:27:43,,,77.0312,7000.0,,,Q  
6580,Security_8,7,2022-11-21,09:27:44,81.0625,2100.0,,,,,T  
6583,Security_60,10,2022-11-21,09:27:45,,,72.1562,2100.0,,,Q  
6591,Security_4,7,2022-11-21,09:27:47,62.0625,2000.0,,,,,T  
6595,Security_54,13,2022-11-21,09:27:48,27.0312,2900.0,,,,,CT 
6625,Security_11,8,2022-11-21,09:27:56,72.9688,1900.0,,,,,CT 
6630,Security_7,4,2022-11-21,09:27:57,47.0,8600.0,,,,,T  
6633,Security_87,8,2022-11-21,09:27:58,98.0625,3800.0,,,,,CT 
6657,Security_40,8,2022-11-21,09:28:04,10.0,2200.0,,,,,CT 
6658,Security_46,18,2022-11-21,09:28:04,47.0312,6700.0,,,,,T  
6682,Security_92,9,2022-11-21,09:28:10,,,2.0938,7300.0,,,Q  
6715,Security_40,9,2022-11-21,09:28:18,10.0,2100.0,,,,,T  
6716,Security_52,10,2022-11-21,09:28:18,,,20.1562,6300.0,,,Q  
6722,Security_18,12,2022-11-21,09:28:20,,,45.125,1700.0,,,Q  
6730,Security_33,11,2022-11-21,09:28:22,,,,,69.0312,2800.0,Q  
6732,Security_31,5,2022-11-21,09:28:22,,,68.0625,7800.0,,,Q  
6734,Security_35,9,2022-11-21,09:28:23,,,57.9375,6200.0,,,Q  
6740,Security_62,5,2022-11-21,09:28:24,,,53.0625,5100.0,,,Q  
6745,Security_79,8,2022-11-21,09:28:26,39.0,900.0,,,,,CT 
6747,Security_0,4,2022-11-21,09:28:26,95.0312,100.0,,,,,CT 
6754,Security_63,9,2022-11-21,09:28:28,,,15.0938,3000.0,,,Q  
6758,Security_76,5,2022-11-21,09:28:29,83.0625,6500.0,,,,,T  
6767,Security_59,10,2022-11-21,09:28:31,,,,,90.0312,1900.0,Q  
6778,Security_63,10,2022-11-21,09:28:34,15.0,4800.0,,,,,CT 
6781,Security_88,7,2022-11-21,09:28:35,32.0,8400.0,,,,,T  
6805,Security_70,10,2022-11-21,09:28:41,,,,,61.0312,3900.0,Q  
6819,Security_94,8,2022-11-21,09:28:44,66.9375,6100.0,,,,,T  
6821,Security_70,11,2022-11-21,09:28:45,61.0312,400.0,,,,,T  
6830,Security_85,10,2022-11-21,09:28:47,,,,,27.0938,8800.0,Q  
6841,Security_74,5,2022-11-21,09:28:50,93.0,2000.0,,,,,CT 
6863,Security_54,14,2022-11-21,09:28:55,27.0312,3800.0,,,,,CT 
6890,Security_97,5,2022-11-21,09:29:02,84.0,900.0,,,,,CT 
6894,Security_10,7,2022-11-21,09:29:03,,,,,70.125,6900.0,Q  
6905,Security_67,5,2022-11-21,09:29:06,63.0,5200.0,,,,,CT 
6910,Security_83,9,2022-11-21,09:29:07,,,82.1875,4700.0,,,Q  
6911,Security_61,4,2022-11-21,09:29:07,,,,,53.0625,4400.0,Q  
6958,Security_54,15,2022-11-21,09:29:19,27.0312,6800.0,,,,,CT 
6980,Security_48,7,2022-11-21,09:29:25,,,63.0625,2900.0,,,Q  
6983,Security_3,6,2022-11-21,09:29:25,,,,,45.9375,9600.0,Q  
7061,Security_21,7,2022-11-21,09:29:45,,,11.9688,1800.0,,,Q  
6988,Security_23,9,2022-11-21,09:29:27,,,52.9688,400.0,,,Q  
7015,Security_89,9,2022-11-21,09:29:33,85.0312,2700.0,,,,,T  
7023,Security_26,3,2022-11-21,09:29:35,5.0,1000.0,,,,,T  
7067,Security_5,9,2022-11-21,09:29:46,,,,,42.9375,7900.0,Q  
7076,Security_70,12,2022-11-21,09:29:49,,,61.125,900.0,,,Q  
7090,Security_90,5,2022-11-21,09:29:52,50.0,5100.0,,,,,CT 
7097,Security_84,8,2022-11-21,09:29:54,,,,,45.9375,5300.0,Q  
7099,Security_15,7,2022-11-21,09:29:54,,,,,30.9688,900.0,Q  
7100,Security_11,9,2022-11-21,09:29:55,72.9688,2800.0,,,,,CT 
7103,Security_28,10,2022-11-21,09:29:55,,,94.0625,2000.0,,,Q  
7118,Security_90,6,2022-11-21,09:29:59,,,50.0312,2500.0,,,Q  
7130,Security_13,9,2022-11-21,09:30:02,27.0,2800.0,,,,,CT 
7136,Security_24,10,2022-11-21,09:30:04,,,,,46.0625,8700.0,Q  
7147,Security_43,2,2022-11-21,09:30:07,,,10.0625,4300.0,,,Q  
7149,Security_90,7,2022-11-21,09:30:07,50.0,3200.0,,,,,CT 
7156,Security_39,9,2022-11-21,09:30:09,,,76.0625,3700.0,,,Q  
7159,Security_84,9,2022-11-21,09:30:10,45.9375,700.0,,,,,T  
7176,Security_53,5,2022-11-21,09:30:14,,,21.0,4800.0,,,Q  
7177,Security_21,8,2022-11-21,09:30:14,,,,,11.9688,4300.0,Q  
7192,Security_71,10,2022-11-21,09:30:18,,,92.1562,1300.0,,,Q  
7223,Security_63,11,2022-11-21,09:30:26,15.0,6100.0,,,,,CT 
7238,Security_78,4,2022-11-21,09:30:30,67.9375,9900.0,,,,,CT 
7249,Security_95,6,2022-11-21,09:30:32,,,,,0.9375,9500.0,Q  
7250,Security_11,10,2022-11-21,09:30:33,,,,,73.0312,9500.0,Q  
7257,Security_89,10,2022-11-21,09:30:34,,,,,85.0938,1600.0,Q  
7279,Security_90,8,2022-11-21,09:30:40,,,,,50.0,3600.0,Q  
7281,Security_61,5,2022-11-21,09:30:40,53.0625,6600.0,,,,,CT 
7283,Security_0,5,2022-11-21,09:30:41,,,,,95.0938,8800.0,Q  
7294,Security_90,9,2022-11-21,09:30:44,50.0,9900.0,,,,,T  
7297,Security_44,9,2022-11-21,09:30:44,,,15.125,9300.0,,,Q  
7317,Security_55,7,2022-11-21,09:30:49,,,27.0312,200.0,,,Q  
7331,Security_12,5,2022-11-21,09:30:53,,,20.0,5100.0,,,Q  
7339,Security_6,8,2022-11-21,09:30:55,,,,,57.9375,6300.0,Q  
7342,Security_84,10,2022-11-21,09:30:56,,,,,45.9688,4600.0,Q  
7349,Security_4,8,2022-11-21,09:30:58,,,,,62.0,7000.0,Q  
7352,Security_11,11,2022-11-21,09:30:58,,,73.0312,1900.0,,,Q  
7357,Security_1,8,2022-11-21,09:31:00,,,4.0625,3000.0,,,Q  
7374,Security_25,8,2022-11-21,09:31:04,,,,,75.0312,6900.0,Q  
7379,Security_7,5,2022-11-21,09:31:05,,,,,47.0312,8800.0,Q  
7385,Security_48,8,2022-11-21,09:31:07,63.0625,2200.0,,,,,CT 
7390,Security_71,11,2022-11-21,09:31:08,92.125,1600.0,,,,,CT 
7409,Security_30,5,2022-11-21,09:31:13,22.0,9700.0,,,,,CT 
7420,Security_17,7,2022-11-21,09:31:15,,,75.9688,4900.0,,,Q  
7434,Security_76,6,2022-11-21,09:31:19,83.0625,1700.0,,,,,T  
7437,Security_59,11,2022-11-21,09:31:20,,,,,89.9688,600.0,Q  
7483,Security_33,12,2022-11-21,09:31:31,69.0312,4600.0,,,,,T  
7491,Security_97,6,2022-11-21,09:31:33,84.0,900.0,,,,,CT 
7499,Security_1,9,2022-11-21,09:31:35,,,4.0938,2600.0,,,Q  
7505,Security_22,11,2022-11-21,09:31:37,,,18.0625,7300.0,,,Q  
7506,Security_6,9,2022-11-21,09:31:37,57.9375,8700.0,,,,,T  
7513,Security_51,8,2022-11-21,09:31:39,,,32.0,9500.0,,,Q  
7515,Security_70,13,2022-11-21,09:31:39,61.0312,6000.0,,,,,T  
7537,Security_19,7,2022-11-21,09:31:45,,,,,0.9375,9200.0,Q  
7550,Security_76,7,2022-11-21,09:31:48,,,83.1562,9800.0,,,Q  
7593,Security_26,4,2022-11-21,09:31:59,,,5.0312,5500.0,,,Q  
7598,Security_41,8,2022-11-21,09:32:00,16.0625,4300.0,,,,,T  
7607,Security_22,12,2022-11-21,09:32:02,18.0,600.0,,,,,CT 
7613,Security_81,9,2022-11-21,09:32:04,,,,,95.0625,8500.0,Q  
7614,Security_43,3,2022-11-21,09:32:04,10.0,2900.0,,,,,T  
7628,Security_71,12,2022-11-21,09:32:08,92.125,5900.0,,,,,T  
7633,Security_65,7,2022-11-21,09:32:09,,,,,54.0625,4700.0,Q  
7646,Security_69,8,2022-11-21,09:32:12,,,77.0625,9100.0,,,Q  
7653,Security_51,9,2022-11-21,09:32:14,,,,,32.0625,4100.0,Q  
7671,Security_31,6,2022-11-21,09:32:19,,,,,68.0,5900.0,Q  
7681,Security_1,10,2022-11-21,09:32:21,,,,,4.0625,8400.0,Q  
7690,Security_31,7,2022-11-21,09:32:24,,,68.0,9100.0,,,Q  
7711,Security_10,8,2022-11-21,09:32:29,70.125,4400.0,,,,,T  
7720,Security_7,6,2022-11-21,09:32:31,47.0312,9600.0,,,,,CT 
7723,Security_77,9,2022-11-21,09:32:32,49.0312,5500.0,,,,,CT 
7727,Security_68,7,2022-11-21,09:32:33,,,,,33.0,5000.0,Q  
7728,Security_93,7,2022-11-21,09:32:33,73.0312,8600.0,,,,,CT 
7735,Security_16,12,2022-11-21,09:32:35,,,,,97.0625,900.0,Q  
7749,Security_58,4,2022-11-21,09:32:38,,,,,49.0312,3600.0,Q  
7766,Security_60,11,2022-11-21,09:32:43,72.0625,8300.0,,,,,CT 
7773,Security_41,9,2022-11-21,09:32:44,,,16.125,5600.0,,,Q  
7789,Security_12,6,2022-11-21,09:32:48,,,20.0938,800.0,,,Q  
7806,Security_45,3,2022-11-21,09:32:53,,,87.0625,4400.0,,,Q  
7824,Security_78,5,2022-11-21,09:32:57,67.9375,3000.0,,,,,T  
7829,Security_73,9,2022-11-21,09:32:58,,,66.0312,3800.0,,,Q  
7837,Security_23,10,2022-11-21,09:33:00,52.9688,2000.0,,,,,T  
7838,Security_99,6,2022-11-21,09:33:01,,,,,86.9375,2600.0,Q  
7843,Security_51,10,2022-11-21,09:33:02,32.0625,1000.0,,,,,T  
7848,Security_38,11,2022-11-21,09:33:03,,,,,29.0312,9800.0,Q  
7850,Security_24,11,2022-11-21,09:33:04,46.0625,3900.0,,,,,CT 
7852,Security_15,8,2022-11-21,09:33:04,,,,,31.0,4800.0,Q  
7858,Security_55,8,2022-11-21,09:33:06,27.0312,4000.0,,,,,T  
7861,Security_55,9,2022-11-21,09:33:06,27.0312,8400.0,,,,,CT 
7875,Security_38,12,2022-11-21,09:33:10,,,29.0625,3500.0,,,Q  
7876,Security_2,10,2022-11-21,09:33:10,90.0,1700.0,,,,,CT 
7902,Security_0,6,2022-11-21,09:33:17,,,,,95.125,1600.0,Q  
7930,Security_10,9,2022-11-21,09:33:24,,,70.125,4800.0,,,Q  
7932,Security_29,7,2022-11-21,09:33:24,11.125,4500.0,,,,,CT 
7936,Security_79,9,2022-11-21,09:33:25,,,39.0938,5500.0,,,Q  
7946,Security_77,10,2022-11-21,09:33:28,,,49.0312,7100.0,,,Q  
7951,Security_66,7,2022-11-21,09:33:29,,,,,3.0312,4900.0,Q  
7955,Security_90,10,2022-11-21,09:33:30,,,50.0625,3200.0,,,Q  
7979,Security_11,12,2022-11-21,09:33:36,,,,,73.0312,4300.0,Q  
7982,Security_30,6,2022-11-21,09:33:37,,,22.0625,1200.0,,,Q  
7996,Security_15,9,2022-11-21,09:33:40,,,,,31.0625,1700.0,Q  
8005,Security_64,9,2022-11-21,09:33:43,56.0625,2700.0,,,,,CT 
8013,Security_1,11,2022-11-21,09:33:45,4.0625,1600.0,,,,,CT 
8029,Security_59,12,2022-11-21,09:33:49,,,,,90.0312,3300.0,Q  
8036,Security_52,11,2022-11-21,09:33:50,,,,,20.0625,7400.0,Q  
8038,Security_67,6,2022-11-21,09:33:51,63.0,2300.0,,,,,T  
8057,Security_24,12,2022-11-21,09:33:56,46.0625,1200.0,,,,,T  
8058,Security_23,11,2022-11-21,09:33:56,,,53.0625,3200.0,,,Q  
8062,Security_73,10,2022-11-21,09:33:57,,,66.0,2200.0,,,Q  
8063,Security_49,6,2022-11-21,09:33:57,62.0312,8300.0,,,,,CT 
8069,Security_82,6,2022-11-21,09:33:59,31.0,2900.0,,,,,CT 
8083,Security_14,5,2022-11-21,09:34:02,,,82.0625,9700.0,,,Q  
8084,Security_22,13,2022-11-21,09:34:02,18.0,8300.0,,,,,CT 
8110,Security_74,6,2022-11-21,09:34:09,,,93.0625,1000.0,,,Q  
8138,Security_3,7,2022-11-21,09:34:16,45.9375,5400.0,,,,,T  
8143,Security_2,11,2022-11-21,09:34:17,,,,,90.0625,8600.0,Q  
8148,Security_99,7,2022-11-21,09:34:18,,,87.0312,9600.0,,,Q  
8150,Security_2,12,2022-11-21,09:34:19,90.0625,8400.0,,,,,CT 
8159,Security_83,10,2022-11-21,09:34:21,,,,,82.1562,300.0,Q  
8161,Security_26,5,2022-11-21,09:34:22,5.0,2300.0,,,,,T  
8170,Security_31,8,2022-11-21,09:34:24,,,,,67.9688,6000.0,Q  
8178,Security_16,13,2022-11-21,09:34:26,,,97.0625,5800.0,,,Q  
8189,Security_27,10,2022-11-21,09:34:29,,,31.0938,4500.0,,,Q  
8196,Security_1,12,2022-11-21,09:34:30,,,4.0625,5000.0,,,Q  
8203,Security_68,8,2022-11-21,09:34:32,,,,,33.0625,2100.0,Q  
8224,Security_80,6,2022-11-21,09:34:37,80.0,7000.0,,,,,CT 
8225,Security_44,10,2022-11-21,09:34:38,,,15.1562,6600.0,,,Q  
8248,Security_50,7,2022-11-21,09:34:44,43.0,1000.0,,,,,T  
8250,Security_15,10,2022-11-21,09:34:44,31.0625,3900.0,,,,,CT 
8251,Security_64,10,2022-11-21,09:34:45,56.0625,8300.0,,,,,T  
8254,Security_10,10,2022-11-21,09:34:45,,,,,70.1562,9000.0,Q  
8267,Security_28,11,2022-11-21,09:34:49,93.9688,100.0,,,,,CT 
8272,Security_52,12,2022-11-21,09:34:50,20.0625,3900.0,,,,,T  
8279,Security_9,8,2022-11-21,09:34:52,,,61.0,8400.0,,,Q  
8286,Security_8,8,2022-11-21,09:34:54,,,,,81.0312,500.0,Q  
8292,Security_24,13,2022-11-21,09:34:55,46.0625,5600.0,,,,,T  
8299,Security_88,8,2022-11-21,09:34:57,32.0,700.0,,,,,CT 
8301,Security_10,11,2022-11-21,09:34:57,,,70.25,8200.0,,,Q  
8310,Security_24,14,2022-11-21,09:35:00,46.0625,3500.0,,,,,CT 
8320,Security_22,14,2022-11-21,09:35:02,,,18.0938,2300.0,,,Q  
8322,Security_8,9,2022-11-21,09:35:03,81.0312,9500.0,,,,,T  
8325,Security_93,8,2022-11-21,09:35:03,73.0312,4900.0,,,,,CT 
8326,Security_33,13,2022-11-21,09:35:04,69.0312,400.0,,,,,T  
8335,Security_82,7,2022-11-21,09:35:06,,,31.0625,8600.0,,,Q  
8350,Security_92,10,2022-11-21,09:35:10,,,,,2.0,3600.0,Q  
8351,Security_84,11,2022-11-21,09:35:10,,,,,45.9062,4600.0,Q  
8361,Security_5,10,2022-11-21,09:35:13,,,,,43.0,9100.0,Q  
8367,Security_92,11,2022-11-21,09:35:14,,,,,2.0625,8800.0,Q  
8369,Security_37,8,2022-11-21,09:35:15,97.0,9900.0,,,,,CT 
8376,Security_72,10,2022-11-21,09:35:16,80.875,8500.0,,,,,CT 
8378,Security_47,11,2022-11-21,09:35:17,,,,,63.0938,4400.0,Q  
8385,Security_17,8,2022-11-21,09:35:19,,,,,75.9688,4000.0,Q  
8407,Security_0,7,2022-11-21,09:35:24,,,,,95.0625,800.0,Q  
8425,Security_91,10,2022-11-21,09:35:29,,,42.0938,8800.0,,,Q  
8431,Security_77,11,2022-11-21,09:35:30,49.0312,6000.0,,,,,T  
8435,Security_86,8,2022-11-21,09:35:31,,,,,29.0938,3300.0,Q  
8444,Security_7,7,2022-11-21,09:35:33,47.0312,8200.0,,,,,CT 
8461,Security_13,10,2022-11-21,09:35:38,27.0,7900.0,,,,,T  
8469,Security_17,9,2022-11-21,09:35:40,,,,,76.0312,1800.0,Q  
8476,Security_23,12,2022-11-21,09:35:41,52.9688,3600.0,,,,,CT 
8490,Security_55,10,2022-11-21,09:35:45,,,,,27.0,9600.0,Q  
8497,Security_61,6,2022-11-21,09:35:47,53.0625,3100.0,,,,,CT 
8511,Security_97,7,2022-11-21,09:35:50,,,84.0,4200.0,,,Q  
8523,Security_26,6,2022-11-21,09:35:53,5.0,5300.0,,,,,T  
8530,Security_62,6,2022-11-21,09:35:55,53.0,2400.0,,,,,CT 
8537,Security_37,9,2022-11-21,09:35:57,,,97.0,7400.0,,,Q  
8543,Security_83,11,2022-11-21,09:35:58,,,82.1562,1300.0,,,Q  
8551,Security_77,12,2022-11-21,09:36:00,49.0312,9700.0,,,,,T  
8572,Security_98,5,2022-11-21,09:36:06,,,,,23.0,6900.0,Q  
8576,Security_18,13,2022-11-21,09:36:07,,,45.1562,2900.0,,,Q  
8580,Security_19,8,2022-11-21,09:36:08,0.9375,5900.0,,,,,CT 
8593,Security_86,9,2022-11-21,09:36:11,29.0938,1900.0,,,,,T  
8597,Security_98,6,2022-11-21,09:36:12,,,23.0,5300.0,,,Q  
8602,Security_36,14,2022-11-21,09:36:13,50.9688,700.0,,,,,CT 
8614,Security_40,10,2022-11-21,09:36:16,,,10.0625,2400.0,,,Q  
8629,Security_22,15,2022-11-21,09:36:20,,,,,18.0,8800.0,Q  
8641,Security_12,7,2022-11-21,09:36:23,,,,,19.9688,5300.0,Q  
8648,Security_58,5,2022-11-21,09:36:25,49.0312,4100.0,,,,,T  
8653,Security_66,8,2022-11-21,09:36:26,3.0312,8600.0,,,,,T  
8665,Security_95,7,2022-11-21,09:36:29,,,,,0.9688,2000.0,Q  
8668,Security_13,11,2022-11-21,09:36:30,,,27.0,4200.0,,,Q  
8678,Security_52,13,2022-11-21,09:36:33,20.0625,9200.0,,,,,CT 
8680,Security_79,10,2022-11-21,09:36:33,39.0,7900.0,,,,,CT 
8685,Security_40,11,2022-11-21,09:36:34,,,10.0312,9800.0,,,Q  
8686,Security_74,7,2022-11-21,09:36:35,93.0,6100.0,,,,,T  
8688,Security_26,7,2022-11-21,09:36:35,5.0,4100.0,,,,,CT 
8693,Security_79,11,2022-11-21,09:36:36,39.0,2000.0,,,,,T  
8699,Security_97,8,2022-11-21,09:36:38,,,84.0938,8700.0,,,Q  
8702,Security_18,14,2022-11-21,09:36:39,,,,,45.0625,7500.0,Q  
8725,Security_90,11,2022-11-21,09:36:44,50.0,4000.0,,,,,T  
8737,Security_23,13,2022-11-21,09:36:47,52.9688,2900.0,,,,,T  
8762,Security_23,14,2022-11-21,09:36:54,,,,,52.9688,3200.0,Q  
8771,Security_43,4,2022-11-21,09:36:56,10.0,1900.0,,,,,CT 
8782,Security_72,11,2022-11-21,09:36:59,,,80.9375,6600.0,,,Q  
8788,Security_98,7,2022-11-21,09:37:00,23.0,2800.0,,,,,T  
8797,Security_11,13,2022-11-21,09:37:03,73.0312,8000.0,,,,,CT 
8802,Security_10,12,2022-11-21,09:37:04,,,,,70.125,6500.0,Q  
8819,Security_59,13,2022-11-21,09:37:08,90.0312,2100.0,,,,,CT 
8846,Security_8,10,2022-11-21,09:37:15,81.0312,4200.0,,,,,T  
8851,Security_67,7,2022-11-21,09:37:16,,,,,62.9688,6900.0,Q  
8860,Security_5,11,2022-11-21,09:37:19,,,,,42.9375,9200.0,Q  
8866,Security_43,5,2022-11-21,09:37:20,,,,,10.0312,9400.0,Q  
8868,Security_75,11,2022-11-21,09:37:21,35.0938,6200.0,,,,,CT 
8869,Security_71,13,2022-11-21,09:37:21,,,,,92.0625,9000.0,Q  
8874,Security_92,12,2022-11-21,09:37:22,,,2.0938,1100.0,,,Q  
8882,Security_34,5,2022-11-21,09:37:24,,,,,51.9375,500.0,Q  
8898,Security_36,15,2022-11-21,09:37:29,,,,,51.0,9800.0,Q  
8900,Security_68,9,2022-11-21,09:37:29,,,33.0938,3200.0,,,Q  
8921,Security_22,16,2022-11-21,09:37:35,18.0,6900.0,,,,,CT 
8925,Security_43,6,2022-11-21,09:37:36,10.0312,1700.0,,,,,T  
8947,Security_65,8,2022-11-21,09:37:41,,,54.0625,100.0,,,Q  
8949,Security_75,12,2022-11-21,09:37:42,35.0938,4800.0,,,,,CT 
8969,Security_26,8,2022-11-21,09:37:47,,,,,5.0312,3100.0,Q  
8987,Security_93,9,2022-11-21,09:37:52,73.0312,9700.0,,,,,CT 
8999,Security_58,6,2022-11-21,09:37:55,,,,,49.0312,1600.0,Q  
9002,Security_62,7,2022-11-21,09:37:55,53.0,2500.0,,,,,CT 
9005,Security_75,13,2022-11-21,09:37:56,35.0938,4800.0,,,,,CT 
9007,Security_17,10,2022-11-21,09:37:57,76.0312,300.0,,,,,T  
9016,Security_10,13,2022-11-21,09:37:59,70.125,5100.0,,,,,CT 
9029,Security_99,8,2022-11-21,09:38:02,86.9375,5400.0,,,,,T  
9044,Security_27,11,2022-11-21,09:38:06,31.0625,7500.0,,,,,CT 
9059,Security_10,14,2022-11-21,09:38:10,,,70.1562,500.0,,,Q  
9068,Security_19,9,2022-11-21,09:38:12,0.9375,2700.0,,,,,CT 
9069,Security_65,9,2022-11-21,09:38:12,54.0625,6600.0,,,,,CT 
9090,Security_83,12,2022-11-21,09:38:18,,,82.1562,6000.0,,,Q  
9093,Security_77,13,2022-11-21,09:38:18,,,49.0312,9400.0,,,Q  
9112,Security_39,10,2022-11-21,09:38:23,76.0625,4500.0,,,,,T  
9120,Security_43,7,2022-11-21,09:38:25,10.0312,3400.0,,,,,CT 
9140,Security_71,14,2022-11-21,09:38:30,,,92.0625,4100.0,,,Q  
9144,Security_45,4,2022-11-21,09:38:31,,,,,86.9688,5600.0,Q  
9146,Security_59,14,2022-11-21,09:38:32,,,,,90.0312,5500.0,Q  
9150,Security_19,10,2022-11-21,09:38:33,0.9375,4000.0,,,,,T  
9159,Security_93,10,2022-11-21,09:38:35,,,,,73.0938,2400.0,Q  
9163,Security_94,9,2022-11-21,09:38:36,66.9375,3400.0,,,,,CT 
9193,Security_91,11,2022-11-21,09:38:44,,,42.0312,4600.0,,,Q  
9199,Security_16,14,2022-11-21,09:38:46,97.0625,2300.0,,,,,T  
9200,Security_1,13,2022-11-21,09:38:46,4.0625,8700.0,,,,,T  
9210,Security_97,9,2022-11-21,09:38:48,,,,,84.0,5500.0,Q  
9228,Security_54,16,2022-11-21,09:38:53,,,27.0625,1600.0,,,Q  
9233,Security_74,8,2022-11-21,09:38:54,,,93.0312,7100.0,,,Q  
9243,Security_15,11,2022-11-21,09:38:57,31.0625,8000.0,,,,,CT 
9248,Security_68,10,2022-11-21,09:38:58,33.0625,4900.0,,,,,CT 
9256,Security_91,12,2022-11-21,09:39:00,42.0312,4600.0,,,,,T  
9258,Security_35,10,2022-11-21,09:39:00,,,57.9062,1300.0,,,Q  
9262,Security_14,6,2022-11-21,09:39:01,82.0625,1300.0,,,,,CT 
9290,Security_18,15,2022-11-21,09:39:08,,,,,45.0625,7400.0,Q  
9296,Security_66,9,2022-11-21,09:39:10,3.0312,4400.0,,,,,CT 
9297,Security_36,16,2022-11-21,09:39:10,,,51.0,6500.0,,,Q  
9326,Security_14,7,2022-11-21,09:39:17,82.0625,1800.0,,,,,CT 
9329,Security_42,2,2022-11-21,09:39:18,,,41.0938,5800.0,,,Q  
9334,Security_94,10,2022-11-21,09:39:19,,,67.0,5100.0,,,Q  
9349,Security_69,9,2022-11-21,09:39:23,77.0,900.0,,,,,CT 
9378,Security_95,8,2022-11-21,09:39:30,0.9688,8100.0,,,,,T  
9384,Security_61,7,2022-11-21,09:39:32,53.0625,6000.0,,,,,T  
9395,Security_97,10,2022-11-21,09:39:35,84.0,7200.0,,,,,CT 
9416,Security_59,15,2022-11-21,09:39:40,90.0312,200.0,,,,,CT 
9438,Security_50,8,2022-11-21,09:39:46,,,,,43.0312,3200.0,Q  
9445,Security_56,5,2022-11-21,09:39:47,25.0625,1300.0,,,,,CT 
9451,Security_29,8,2022-11-21,09:39:49,11.125,9600.0,,,,,CT 
9474,Security_10,15,2022-11-21,09:39:55,,,,,70.1562,3400.0,Q  
9484,Security_81,10,2022-11-21,09:39:57,,,,,95.125,2700.0,Q  
9511,Security_0,8,2022-11-21,09:40:04,,,95.1562,6200.0,,,Q  
9519,Security_25,9,2022-11-21,09:40:06,,,,,75.0625,1200.0,Q  
9526,Security_43,8,2022-11-21,09:40:08,10.0312,1900.0,,,,,T  
9530,Security_2,13,2022-11-21,09:40:09,,,90.125,9000.0,,,Q  
9539,Security_30,7,2022-11-21,09:40:11,,,22.0,5100.0,,,Q  
9557,Security_20,9,2022-11-21,09:40:16,55.0312,8600.0,,,,,T  
9609,Security_97,11,2022-11-21,09:40:29,84.0,6900.0,,,,,T  
9616,Security_33,14,2022-11-21,09:40:30,,,,,68.9688,8200.0,Q  
9617,Security_51,11,2022-11-21,09:40:31,,,32.125,8300.0,,,Q  
9646,Security_4,9,2022-11-21,09:40:38,62.0,9200.0,,,,,T  
9659,Security_76,8,2022-11-21,09:40:42,83.0625,5000.0,,,,,T  
9660,Security_95,9,2022-11-21,09:40:42,0.9688,100.0,,,,,CT 
9667,Security_18,16,2022-11-21,09:40:44,45.0625,3100.0,,,,,T  
9671,Security_66,10,2022-11-21,09:40:45,,,,,3.0625,600.0,Q  
9706,Security_35,11,2022-11-21,09:40:53,,,,,57.9062,5600.0,Q  
9731,Security_9,9,2022-11-21,09:41:00,,,61.0625,8800.0,,,Q  
9732,Security_89,11,2022-11-21,09:41:00,85.0938,1000.0,,,,,CT 
9742,Security_90,12,2022-11-21,09:41:03,50.0,8100.0,,,,,T  
9759,Security_0,9,2022-11-21,09:41:07,95.0625,1100.0,,,,,CT 
9789,Security_59,16,2022-11-21,09:41:14,,,90.0312,7800.0,,,Q  
9790,Security_85,11,2022-11-21,09:41:15,27.0938,6200.0,,,,,CT 
9822,Security_8,11,2022-11-21,09:41:23,,,,,81.0312,2900.0,Q  
9833,Security_21,9,2022-11-21,09:41:26,,,,,11.9688,4100.0,Q  
9845,Security_75,14,2022-11-21,09:41:29,35.0938,2100.0,,,,,T  
9865,Security_71,15,2022-11-21,09:41:34,,,92.0625,1700.0,,,Q  
11235,Security_18,17,2022-11-21,09:47:22,,,,,45.0625,3700.0,Q  
9874,Security_34,6,2022-11-21,09:41:36,51.9375,5400.0,,,,,T  
9875,Security_77,14,2022-11-21,09:41:37,49.0312,8900.0,,,,,T  
9879,Security_38,13,2022-11-21,09:41:38,29.0312,8500.0,,,,,T  
9881,Security_94,11,2022-11-21,09:41:38,,,66.9375,4700.0,,,Q  
9896,Security_98,8,2022-11-21,09:41:42,,,23.0312,8800.0,,,Q  
9907,Security_59,17,2022-11-21,09:41:45,,,,,90.0938,700.0,Q  
9908,Security_70,14,2022-11-21,09:41:45,,,,,60.9688,8600.0,Q  
9918,Security_51,12,2022-11-21,09:41:47,32.0625,300.0,,,,,CT 
9920,Security_89,12,2022-11-21,09:41:48,85.0938,7300.0,,,,,T  
9921,Security_70,15,2022-11-21,09:41:48,,,,,60.9688,400.0,Q  
9940,Security_39,11,2022-11-21,09:41:53,,,,,76.0938,2700.0,Q  
9946,Security_36,17,2022-11-21,09:41:54,51.0,4900.0,,,,,CT 
9963,Security_12,8,2022-11-21,09:41:59,,,,,19.9688,8300.0,Q  
9973,Security_85,12,2022-11-21,09:42:01,27.0938,8100.0,,,,,T  
9975,Security_13,12,2022-11-21,09:42:02,,,,,27.0,4200.0,Q  
9978,Security_93,11,2022-11-21,09:42:02,,,73.1875,1400.0,,,Q  
9995,Security_52,14,2022-11-21,09:42:07,20.0625,9000.0,,,,,T  
10015,Security_62,8,2022-11-21,09:42:12,53.0,4900.0,,,,,CT 
10033,Security_58,7,2022-11-21,09:42:16,49.0312,3700.0,,,,,CT 
10059,Security_80,7,2022-11-21,09:42:23,,,80.0312,6800.0,,,Q  
10061,Security_41,10,2022-11-21,09:42:23,16.0625,1700.0,,,,,CT 
10081,Security_60,12,2022-11-21,09:42:28,,,,,72.0938,7800.0,Q  
11768,Security_84,13,2022-11-21,09:49:38,45.9062,1700.0,,,,,CT 
10125,Security_26,9,2022-11-21,09:42:39,,,5.125,1100.0,,,Q  
10137,Security_41,11,2022-11-21,09:42:42,16.0625,7000.0,,,,,CT 
10150,Security_79,12,2022-11-21,09:42:45,,,,,39.0,7700.0,Q  
10158,Security_15,12,2022-11-21,09:42:47,,,31.0938,5000.0,,,Q  
10167,Security_42,3,2022-11-21,09:42:50,,,,,41.0312,2400.0,Q  
10170,Security_9,10,2022-11-21,09:42:50,,,,,61.0,7300.0,Q  
10202,Security_61,8,2022-11-21,09:42:59,53.0625,2600.0,,,,,CT 
10217,Security_30,8,2022-11-21,09:43:02,,,,,22.0,3600.0,Q  
10239,Security_92,13,2022-11-21,09:43:08,2.0625,2900.0,,,,,CT 
10244,Security_16,15,2022-11-21,09:43:09,,,,,97.125,900.0,Q  
12376,Security_11,15,2022-11-21,09:52:12,73.0312,6900.0,,,,,T  
10251,Security_7,8,2022-11-21,09:43:11,47.0312,9800.0,,,,,CT 
10267,Security_70,16,2022-11-21,09:43:15,60.9688,9800.0,,,,,CT 
10269,Security_84,12,2022-11-21,09:43:15,,,45.9062,3500.0,,,Q  
10272,Security_82,8,2022-11-21,09:43:16,31.0,5000.0,,,,,T  
10281,Security_27,12,2022-11-21,09:43:18,,,31.1562,8400.0,,,Q  
10282,Security_85,13,2022-11-21,09:43:19,,,27.0938,7000.0,,,Q  
10287,Security_17,11,2022-11-21,09:43:20,76.0312,3000.0,,,,,T  
10291,Security_47,12,2022-11-21,09:43:21,63.0938,9200.0,,,,,CT 
10295,Security_57,2,2022-11-21,09:43:22,,,64.0938,4100.0,,,Q  
10314,Security_86,10,2022-11-21,09:43:27,29.0938,8900.0,,,,,CT 
10320,Security_70,17,2022-11-21,09:43:29,60.9688,1200.0,,,,,CT 
10335,Security_51,13,2022-11-21,09:43:32,,,,,32.0938,1200.0,Q  
10337,Security_9,11,2022-11-21,09:43:33,,,61.0312,3800.0,,,Q  
10349,Security_31,9,2022-11-21,09:43:36,67.9688,4500.0,,,,,T  
10352,Security_70,18,2022-11-21,09:43:37,,,,,61.0,8800.0,Q  
10355,Security_35,12,2022-11-21,09:43:37,57.9062,9400.0,,,,,CT 
10369,Security_88,9,2022-11-21,09:43:41,,,,,32.0312,5500.0,Q  
10375,Security_72,12,2022-11-21,09:43:43,80.875,3200.0,,,,,CT 
10380,Security_1,14,2022-11-21,09:43:44,,,,,4.0625,6600.0,Q  
10381,Security_55,11,2022-11-21,09:43:44,27.0,9800.0,,,,,T  
10384,Security_34,7,2022-11-21,09:43:45,51.9375,4500.0,,,,,T  
10403,Security_75,15,2022-11-21,09:43:50,,,,,35.125,1100.0,Q  
10405,Security_23,15,2022-11-21,09:43:51,,,53.0312,800.0,,,Q  
10407,Security_54,17,2022-11-21,09:43:51,,,27.125,8100.0,,,Q  
10413,Security_11,14,2022-11-21,09:43:53,73.0312,1000.0,,,,,CT 
10420,Security_9,12,2022-11-21,09:43:54,,,61.0625,1300.0,,,Q  
10426,Security_25,10,2022-11-21,09:43:56,75.0625,1300.0,,,,,T  
10430,Security_30,9,2022-11-21,09:43:57,22.0,4400.0,,,,,T  
10435,Security_28,12,2022-11-21,09:43:58,,,93.9688,7500.0,,,Q  
10437,Security_24,15,2022-11-21,09:43:59,46.0625,2900.0,,,,,T  
10450,Security_20,10,2022-11-21,09:44:02,,,55.0312,3300.0,,,Q  
10456,Security_83,13,2022-11-21,09:44:03,82.1562,8000.0,,,,,CT 
10479,Security_56,6,2022-11-21,09:44:09,25.0625,2200.0,,,,,T  
10480,Security_3,8,2022-11-21,09:44:10,,,,,45.9688,4000.0,Q  
10500,Security_59,18,2022-11-21,09:44:15,90.0938,3300.0,,,,,CT 
10533,Security_20,11,2022-11-21,09:44:23,55.0312,6400.0,,,,,T  
12377,Security_14,10,2022-11-21,09:52:13,82.0938,500.0,,,,,CT 
10563,Security_95,10,2022-11-21,09:44:31,0.9688,1100.0,,,,,CT 
10564,Security_68,11,2022-11-21,09:44:31,,,33.0625,3600.0,,,Q  
10570,Security_21,10,2022-11-21,09:44:33,,,,,11.9375,3600.0,Q  
10575,Security_16,16,2022-11-21,09:44:34,97.125,7500.0,,,,,CT 
10599,Security_46,19,2022-11-21,09:44:40,47.0312,1400.0,,,,,T  
10626,Security_23,16,2022-11-21,09:44:47,52.9688,6700.0,,,,,T  
10655,Security_42,4,2022-11-21,09:44:54,41.0312,6200.0,,,,,T  
10669,Security_45,5,2022-11-21,09:44:57,,,87.0,3900.0,,,Q  
10672,Security_24,16,2022-11-21,09:44:58,46.0625,4500.0,,,,,CT 
10678,Security_10,16,2022-11-21,09:45:00,,,,,70.125,4300.0,Q  
10683,Security_14,8,2022-11-21,09:45:01,,,,,82.0938,6700.0,Q  
10703,Security_27,13,2022-11-21,09:45:06,,,31.0625,2600.0,,,Q  
10713,Security_9,13,2022-11-21,09:45:09,,,,,61.0,500.0,Q  
10714,Security_92,14,2022-11-21,09:45:10,2.0625,4000.0,,,,,T  
10730,Security_91,13,2022-11-21,09:45:14,,,,,42.0,4100.0,Q  
10732,Security_58,8,2022-11-21,09:45:14,,,49.125,3500.0,,,Q  
10734,Security_95,11,2022-11-21,09:45:15,,,,,1.0312,3200.0,Q  
10737,Security_40,12,2022-11-21,09:45:15,,,10.0312,9100.0,,,Q  
10754,Security_20,12,2022-11-21,09:45:20,55.0312,8600.0,,,,,CT 
10787,Security_39,12,2022-11-21,09:45:28,76.0938,800.0,,,,,CT 
10800,Security_69,10,2022-11-21,09:45:31,,,77.0625,1100.0,,,Q  
10802,Security_86,11,2022-11-21,09:45:32,29.0938,8800.0,,,,,T  
10803,Security_34,8,2022-11-21,09:45:32,51.9375,3400.0,,,,,CT 
10805,Security_74,9,2022-11-21,09:45:32,93.0,6400.0,,,,,CT 
10806,Security_3,9,2022-11-21,09:45:33,,,45.9688,9100.0,,,Q  
10808,Security_49,7,2022-11-21,09:45:33,,,,,62.0938,9900.0,Q  
10814,Security_76,9,2022-11-21,09:45:35,83.0625,8500.0,,,,,CT 
10824,Security_27,14,2022-11-21,09:45:37,31.0625,7600.0,,,,,CT 
10828,Security_1,15,2022-11-21,09:45:38,4.0625,6700.0,,,,,CT 
10853,Security_58,9,2022-11-21,09:45:44,49.0312,4200.0,,,,,CT 
10873,Security_12,9,2022-11-21,09:45:49,,,20.0625,5100.0,,,Q  
10886,Security_1,16,2022-11-21,09:45:53,4.0625,9800.0,,,,,T  
10887,Security_56,7,2022-11-21,09:45:53,25.0625,6500.0,,,,,T  
10893,Security_64,11,2022-11-21,09:45:54,,,,,56.0625,7800.0,Q  
10894,Security_55,12,2022-11-21,09:45:55,27.0,9400.0,,,,,CT 
10898,Security_6,10,2022-11-21,09:45:56,,,,,57.9375,3600.0,Q  
10913,Security_14,9,2022-11-21,09:46:00,,,82.1875,8500.0,,,Q  
10929,Security_86,12,2022-11-21,09:46:04,29.0938,3500.0,,,,,CT 
10954,Security_89,13,2022-11-21,09:46:10,,,85.1562,4200.0,,,Q  
10963,Security_79,13,2022-11-21,09:46:13,39.0,6600.0,,,,,CT 
10979,Security_94,12,2022-11-21,09:46:17,66.9375,200.0,,,,,CT 
10981,Security_16,17,2022-11-21,09:46:17,97.125,800.0,,,,,T  
10987,Security_2,14,2022-11-21,09:46:19,,,90.0938,1300.0,,,Q  
10993,Security_24,17,2022-11-21,09:46:21,46.0625,1700.0,,,,,T  
10998,Security_29,9,2022-11-21,09:46:22,,,11.125,9300.0,,,Q  
11020,Security_41,12,2022-11-21,09:46:27,16.0625,7900.0,,,,,CT 
11036,Security_24,18,2022-11-21,09:46:31,46.0625,3700.0,,,,,CT 
11038,Security_17,12,2022-11-21,09:46:32,,,76.0938,5500.0,,,Q  
11096,Security_47,13,2022-11-21,09:46:47,63.0938,9100.0,,,,,CT 
11098,Security_22,17,2022-11-21,09:46:47,,,,,17.9375,9100.0,Q  
11105,Security_53,6,2022-11-21,09:46:49,,,21.0625,4200.0,,,Q  
11108,Security_95,12,2022-11-21,09:46:50,1.0312,7900.0,,,,,CT 
11114,Security_75,16,2022-11-21,09:46:51,35.125,5600.0,,,,,T  
11119,Security_7,9,2022-11-21,09:46:52,47.0312,5700.0,,,,,CT 
11125,Security_0,10,2022-11-21,09:46:54,,,,,95.0,8700.0,Q  
11134,Security_6,11,2022-11-21,09:46:57,,,,,57.9688,3200.0,Q  
11140,Security_27,15,2022-11-21,09:46:58,,,,,31.0625,3700.0,Q  
11141,Security_34,9,2022-11-21,09:46:58,,,52.0,8500.0,,,Q  
11145,Security_8,12,2022-11-21,09:46:59,,,,,81.0625,3500.0,Q  
11156,Security_74,10,2022-11-21,09:47:02,93.0,300.0,,,,,T  
11167,Security_77,15,2022-11-21,09:47:05,49.0312,2100.0,,,,,T  
11171,Security_37,10,2022-11-21,09:47:06,97.0,7200.0,,,,,T  
11178,Security_54,18,2022-11-21,09:47:08,,,,,27.0938,7800.0,Q  
11185,Security_70,19,2022-11-21,09:47:09,61.0,9400.0,,,,,CT 
11192,Security_6,12,2022-11-21,09:47:11,,,58.0312,1800.0,,,Q  
11193,Security_57,3,2022-11-21,09:47:11,64.0,1400.0,,,,,T  
11201,Security_10,17,2022-11-21,09:47:13,70.125,6700.0,,,,,T  
11208,Security_16,18,2022-11-21,09:47:15,97.125,9300.0,,,,,T  
11223,Security_55,13,2022-11-21,09:47:19,,,,,27.0625,7100.0,Q  
11227,Security_94,13,2022-11-21,09:47:20,,,,,67.0,4000.0,Q  
11229,Security_60,13,2022-11-21,09:47:20,,,,,72.0312,9700.0,Q  
11234,Security_71,16,2022-11-21,09:47:22,,,92.0625,2500.0,,,Q  
11239,Security_49,8,2022-11-21,09:47:23,62.0938,100.0,,,,,T  
11240,Security_71,17,2022-11-21,09:47:23,92.0625,500.0,,,,,T  
11254,Security_98,9,2022-11-21,09:47:27,,,,,22.9688,9200.0,Q  
11256,Security_42,5,2022-11-21,09:47:27,41.0312,3200.0,,,,,CT 
11261,Security_40,13,2022-11-21,09:47:28,,,10.0,500.0,,,Q  
11269,Security_68,12,2022-11-21,09:47:31,,,,,33.0625,7800.0,Q  
11272,Security_22,18,2022-11-21,09:47:31,17.9375,7900.0,,,,,CT 
11274,Security_85,14,2022-11-21,09:47:32,27.0938,700.0,,,,,CT 
11279,Security_86,13,2022-11-21,09:47:33,,,29.0938,5400.0,,,Q  
11326,Security_61,9,2022-11-21,09:47:45,,,,,53.0312,8800.0,Q  
11332,Security_61,10,2022-11-21,09:47:47,53.0312,1000.0,,,,,T  
11334,Security_67,8,2022-11-21,09:47:47,62.9688,1300.0,,,,,T  
11348,Security_60,14,2022-11-21,09:47:51,,,,,72.0938,4100.0,Q  
11353,Security_36,18,2022-11-21,09:47:52,51.0,3800.0,,,,,CT 
11354,Security_94,14,2022-11-21,09:47:52,,,,,67.0312,6600.0,Q  
11367,Security_22,19,2022-11-21,09:47:55,17.9375,1300.0,,,,,CT 
11376,Security_45,6,2022-11-21,09:47:58,86.9688,1700.0,,,,,CT 
11379,Security_94,15,2022-11-21,09:47:58,,,67.125,4200.0,,,Q  
11394,Security_46,20,2022-11-21,09:48:02,,,47.0625,400.0,,,Q  
11401,Security_74,11,2022-11-21,09:48:04,93.0,7500.0,,,,,T  
11402,Security_33,15,2022-11-21,09:48:04,,,,,68.9375,1600.0,Q  
11404,Security_56,8,2022-11-21,09:48:05,,,,,25.0625,6300.0,Q  
11410,Security_18,18,2022-11-21,09:48:06,,,,,45.0625,5800.0,Q  
11415,Security_33,16,2022-11-21,09:48:08,68.9375,2300.0,,,,,T  
11422,Security_3,10,2022-11-21,09:48:10,,,,,45.9688,9000.0,Q  
11455,Security_89,14,2022-11-21,09:48:18,,,,,85.0312,200.0,Q  
11458,Security_52,15,2022-11-21,09:48:19,20.0625,100.0,,,,,T  
11476,Security_60,15,2022-11-21,09:48:23,,,72.125,2100.0,,,Q  
11479,Security_38,14,2022-11-21,09:48:24,,,,,29.0312,7500.0,Q  
11488,Security_62,9,2022-11-21,09:48:26,53.0,9600.0,,,,,T  
11490,Security_33,17,2022-11-21,09:48:27,,,69.0,8500.0,,,Q  
11496,Security_70,20,2022-11-21,09:48:28,,,61.0312,2100.0,,,Q  
11509,Security_91,14,2022-11-21,09:48:31,42.0,4300.0,,,,,T  
11518,Security_57,4,2022-11-21,09:48:34,64.0,2900.0,,,,,CT 
11522,Security_37,11,2022-11-21,09:48:35,,,97.0625,7700.0,,,Q  
11524,Security_2,15,2022-11-21,09:48:36,90.0625,1000.0,,,,,CT 
11526,Security_12,10,2022-11-21,09:48:36,,,19.9688,6000.0,,,Q  
11543,Security_61,11,2022-11-21,09:48:40,,,53.0938,9000.0,,,Q  
11552,Security_34,10,2022-11-21,09:48:43,51.9375,8100.0,,,,,T  
11555,Security_45,7,2022-11-21,09:48:43,,,87.0,8500.0,,,Q  
11556,Security_98,10,2022-11-21,09:48:44,22.9688,1300.0,,,,,T  
11567,Security_45,8,2022-11-21,09:48:46,86.9688,1800.0,,,,,T  
11577,Security_20,13,2022-11-21,09:48:49,55.0312,8900.0,,,,,CT 
11580,Security_97,12,2022-11-21,09:48:50,,,,,84.0312,4600.0,Q  
11587,Security_60,16,2022-11-21,09:48:51,72.0938,3900.0,,,,,CT 
11589,Security_83,14,2022-11-21,09:48:52,,,82.1875,6100.0,,,Q  
11601,Security_19,11,2022-11-21,09:48:55,,,1.0312,2800.0,,,Q  
11609,Security_21,11,2022-11-21,09:48:57,,,12.0312,6600.0,,,Q  
11613,Security_3,11,2022-11-21,09:48:58,45.9688,1000.0,,,,,T  
11619,Security_68,13,2022-11-21,09:48:59,,,,,33.125,7700.0,Q  
11630,Security_72,13,2022-11-21,09:49:02,,,80.875,8800.0,,,Q  
11647,Security_46,21,2022-11-21,09:49:07,,,47.0625,1000.0,,,Q  
11656,Security_58,10,2022-11-21,09:49:09,49.0312,6900.0,,,,,CT 
11660,Security_0,11,2022-11-21,09:49:10,,,,,94.9688,1800.0,Q  
11662,Security_37,12,2022-11-21,09:49:11,,,97.0938,2400.0,,,Q  
11675,Security_7,10,2022-11-21,09:49:14,47.0312,4500.0,,,,,T  
11681,Security_52,16,2022-11-21,09:49:16,,,20.125,9200.0,,,Q  
11708,Security_53,7,2022-11-21,09:49:23,,,,,20.9688,9800.0,Q  
11717,Security_56,9,2022-11-21,09:49:25,25.0625,5100.0,,,,,CT 
11723,Security_54,19,2022-11-21,09:49:26,,,27.1562,5400.0,,,Q  
11735,Security_52,17,2022-11-21,09:49:29,20.0625,700.0,,,,,T  
11737,Security_90,13,2022-11-21,09:49:30,50.0,3800.0,,,,,CT 
11747,Security_70,21,2022-11-21,09:49:32,,,61.0312,2400.0,,,Q  
11755,Security_28,13,2022-11-21,09:49:34,93.9688,8000.0,,,,,CT 
11780,Security_64,12,2022-11-21,09:49:41,56.0625,8100.0,,,,,CT 
11781,Security_2,16,2022-11-21,09:49:41,,,90.1562,7900.0,,,Q  
11785,Security_76,10,2022-11-21,09:49:42,83.0625,7600.0,,,,,CT 
11797,Security_41,13,2022-11-21,09:49:45,,,16.0625,5000.0,,,Q  
11802,Security_5,12,2022-11-21,09:49:47,42.9375,3800.0,,,,,CT 
11803,Security_77,16,2022-11-21,09:49:47,,,49.125,4200.0,,,Q  
11847,Security_8,13,2022-11-21,09:49:58,,,,,81.0625,7600.0,Q  
11858,Security_64,13,2022-11-21,09:50:01,56.0625,1500.0,,,,,T  
11871,Security_47,14,2022-11-21,09:50:04,63.0938,2500.0,,,,,T  
11873,Security_32,13,2022-11-21,09:50:05,,,,,82.0312,3500.0,Q  
11876,Security_71,18,2022-11-21,09:50:05,92.0625,7000.0,,,,,T  
11878,Security_96,6,2022-11-21,09:50:06,,,0.0938,7200.0,,,Q  
11887,Security_52,18,2022-11-21,09:50:08,20.0625,8600.0,,,,,CT 
11901,Security_44,11,2022-11-21,09:50:12,,,,,15.1562,5600.0,Q  
11907,Security_0,12,2022-11-21,09:50:13,,,95.0,9300.0,,,Q  
11924,Security_78,6,2022-11-21,09:50:18,,,68.0,4700.0,,,Q  
11931,Security_42,6,2022-11-21,09:50:19,41.0312,7400.0,,,,,T  
11939,Security_87,9,2022-11-21,09:50:21,98.0625,6600.0,,,,,T  
11940,Security_84,14,2022-11-21,09:50:22,45.9062,1700.0,,,,,CT 
11948,Security_35,13,2022-11-21,09:50:24,57.9062,1800.0,,,,,CT 
11996,Security_51,14,2022-11-21,09:50:36,32.0938,8900.0,,,,,T  
11998,Security_49,9,2022-11-21,09:50:37,62.0938,6300.0,,,,,CT 
12009,Security_26,10,2022-11-21,09:50:39,5.0312,2000.0,,,,,T  
12040,Security_51,15,2022-11-21,09:50:47,,,,,32.0312,3000.0,Q  
12061,Security_23,17,2022-11-21,09:50:53,,,,,53.0312,7500.0,Q  
12454,Security_97,13,2022-11-21,09:52:33,,,84.125,1500.0,,,Q  
12080,Security_5,13,2022-11-21,09:50:57,42.9375,9700.0,,,,,CT 
12088,Security_89,15,2022-11-21,09:50:59,85.0312,500.0,,,,,T  
12111,Security_65,10,2022-11-21,09:51:05,54.0625,2000.0,,,,,CT 
12115,Security_8,14,2022-11-21,09:51:06,,,81.0938,5900.0,,,Q  
12139,Security_95,13,2022-11-21,09:51:12,1.0312,500.0,,,,,T  
12146,Security_50,9,2022-11-21,09:51:14,,,,,43.0938,100.0,Q  
12155,Security_69,11,2022-11-21,09:51:16,77.0,6500.0,,,,,CT 
12168,Security_68,14,2022-11-21,09:51:19,33.125,4100.0,,,,,T  
12171,Security_70,22,2022-11-21,09:51:20,,,61.0625,2300.0,,,Q  
12177,Security_19,12,2022-11-21,09:51:22,0.9375,4100.0,,,,,CT 
12213,Security_88,10,2022-11-21,09:51:31,,,,,32.0938,800.0,Q  
12248,Security_7,11,2022-11-21,09:51:39,,,47.0938,7200.0,,,Q  
12270,Security_65,11,2022-11-21,09:51:45,,,54.125,5000.0,,,Q  
12283,Security_31,10,2022-11-21,09:51:48,,,68.0,7100.0,,,Q  
12285,Security_39,13,2022-11-21,09:51:49,,,76.0938,5500.0,,,Q  
12286,Security_68,15,2022-11-21,09:51:49,33.125,9700.0,,,,,T  
12290,Security_30,10,2022-11-21,09:51:50,,,22.0,3900.0,,,Q  
12293,Security_43,9,2022-11-21,09:51:51,,,10.0625,7500.0,,,Q  
12307,Security_78,7,2022-11-21,09:51:55,67.9375,1600.0,,,,,CT 
12314,Security_98,11,2022-11-21,09:51:57,,,,,22.9688,6000.0,Q  
12322,Security_80,8,2022-11-21,09:51:59,,,80.0312,6600.0,,,Q  
12342,Security_81,11,2022-11-21,09:52:04,95.125,5200.0,,,,,T  
12352,Security_29,10,2022-11-21,09:52:06,,,,,11.1562,3000.0,Q  
12357,Security_93,12,2022-11-21,09:52:08,,,,,73.0312,2900.0,Q  
12368,Security_2,17,2022-11-21,09:52:10,,,,,90.0938,7700.0,Q  
12385,Security_33,18,2022-11-21,09:52:15,68.9375,9200.0,,,,,T  
12390,Security_79,14,2022-11-21,09:52:16,39.0,8100.0,,,,,CT 
12396,Security_23,18,2022-11-21,09:52:18,,,53.125,8300.0,,,Q  
12404,Security_47,15,2022-11-21,09:52:20,63.0938,8100.0,,,,,T  
12409,Security_0,13,2022-11-21,09:52:21,94.9688,700.0,,,,,CT 
12415,Security_75,17,2022-11-21,09:52:23,35.125,6000.0,,,,,CT 
12422,Security_68,16,2022-11-21,09:52:25,,,,,33.0625,2100.0,Q  
12426,Security_0,14,2022-11-21,09:52:26,94.9688,3300.0,,,,,T  
12432,Security_18,19,2022-11-21,09:52:27,,,45.125,2300.0,,,Q  
12450,Security_7,12,2022-11-21,09:52:32,,,,,47.0312,4900.0,Q  
12475,Security_33,19,2022-11-21,09:52:38,,,,,68.875,800.0,Q  
12490,Security_31,11,2022-11-21,09:52:42,67.9688,5500.0,,,,,T  
12494,Security_86,14,2022-11-21,09:52:43,,,,,29.0938,6300.0,Q  
12501,Security_6,13,2022-11-21,09:52:44,57.9688,6400.0,,,,,CT 
12504,Security_77,17,2022-11-21,09:52:45,49.0312,500.0,,,,,CT 
12538,Security_20,14,2022-11-21,09:52:54,55.0312,5200.0,,,,,CT 
12540,Security_15,13,2022-11-21,09:52:54,,,31.0625,4600.0,,,Q  
12565,Security_2,18,2022-11-21,09:53:01,,,90.1875,6300.0,,,Q  
12566,Security_38,15,2022-11-21,09:53:01,,,29.0312,4900.0,,,Q  
12567,Security_39,14,2022-11-21,09:53:01,76.0938,2300.0,,,,,T  
12577,Security_98,12,2022-11-21,09:53:04,,,,,23.0312,700.0,Q  
12593,Security_95,14,2022-11-21,09:53:08,,,1.125,500.0,,,Q  
12595,Security_69,12,2022-11-21,09:53:08,77.0,2900.0,,,,,T  
12605,Security_48,9,2022-11-21,09:53:11,63.0625,1900.0,,,,,CT 
12607,Security_93,13,2022-11-21,09:53:11,,,,,73.0312,4700.0,Q  
12610,Security_58,11,2022-11-21,09:53:12,49.0312,5400.0,,,,,CT 
12619,Security_74,12,2022-11-21,09:53:14,93.0,7800.0,,,,,T  
12625,Security_22,20,2022-11-21,09:53:16,17.9375,6600.0,,,,,CT 
12627,Security_88,11,2022-11-21,09:53:16,32.0938,8100.0,,,,,CT 
12645,Security_11,16,2022-11-21,09:53:21,,,73.0938,6300.0,,,Q  
12657,Security_28,14,2022-11-21,09:53:24,,,,,93.9688,4200.0,Q  
12662,Security_40,14,2022-11-21,09:53:25,10.0,7800.0,,,,,T  
12663,Security_50,10,2022-11-21,09:53:25,43.0938,4100.0,,,,,T  
12670,Security_26,11,2022-11-21,09:53:27,5.0312,3000.0,,,,,CT 
12689,Security_25,11,2022-11-21,09:53:32,,,,,75.125,2900.0,Q  
12700,Security_77,18,2022-11-21,09:53:35,49.0312,3100.0,,,,,CT 
12703,Security_33,20,2022-11-21,09:53:36,,,68.9688,6500.0,,,Q  
12728,Security_61,12,2022-11-21,09:53:42,53.0312,3700.0,,,,,T  
12729,Security_22,21,2022-11-21,09:53:43,17.9375,3100.0,,,,,CT 
12730,Security_48,10,2022-11-21,09:53:43,63.0625,7000.0,,,,,CT 
12731,Security_77,19,2022-11-21,09:53:43,49.0312,3600.0,,,,,T  
12734,Security_55,14,2022-11-21,09:53:44,,,27.1562,8400.0,,,Q  
12738,Security_42,7,2022-11-21,09:53:45,41.0312,4300.0,,,,,CT 
12744,Security_8,15,2022-11-21,09:53:47,81.0625,6300.0,,,,,T  
12749,Security_49,10,2022-11-21,09:53:48,62.0938,4400.0,,,,,T  
12765,Security_29,11,2022-11-21,09:53:52,,,,,11.2188,1900.0,Q  
12778,Security_23,19,2022-11-21,09:53:55,,,,,53.0625,9000.0,Q  
12786,Security_18,20,2022-11-21,09:53:57,45.0625,9700.0,,,,,CT 
12788,Security_42,8,2022-11-21,09:53:58,,,,,41.0625,5900.0,Q  
12789,Security_47,16,2022-11-21,09:53:58,,,63.125,3600.0,,,Q  
12794,Security_3,12,2022-11-21,09:53:59,,,,,45.9062,9700.0,Q  
12796,Security_66,11,2022-11-21,09:54:00,3.0625,7300.0,,,,,T  
12798,Security_41,14,2022-11-21,09:54:00,16.0625,8500.0,,,,,T  
12809,Security_5,14,2022-11-21,09:54:03,,,,,42.9688,3500.0,Q  
12810,Security_87,10,2022-11-21,09:54:03,98.0625,8600.0,,,,,CT 
12827,Security_29,12,2022-11-21,09:54:07,,,11.2188,6100.0,,,Q  
12844,Security_47,17,2022-11-21,09:54:12,63.0938,3800.0,,,,,CT 
12849,Security_41,15,2022-11-21,09:54:13,,,,,16.125,9200.0,Q  
12854,Security_77,20,2022-11-21,09:54:14,49.0312,3600.0,,,,,T  
12862,Security_41,16,2022-11-21,09:54:16,,,16.2188,8100.0,,,Q  
12863,Security_4,10,2022-11-21,09:54:17,62.0,1600.0,,,,,CT 
12869,Security_0,15,2022-11-21,09:54:18,94.9688,6300.0,,,,,T  
12871,Security_53,8,2022-11-21,09:54:19,,,,,21.0312,300.0,Q  
12884,Security_11,17,2022-11-21,09:54:22,,,,,73.0625,8400.0,Q  
12898,Security_9,14,2022-11-21,09:54:25,61.0,8700.0,,,,,T  
12911,Security_25,12,2022-11-21,09:54:29,75.125,200.0,,,,,CT 
12925,Security_16,19,2022-11-21,09:54:32,,,,,97.1875,9600.0,Q  
12936,Security_68,17,2022-11-21,09:54:35,33.0625,9900.0,,,,,CT 
12937,Security_26,12,2022-11-21,09:54:35,,,5.125,6500.0,,,Q  
12938,Security_35,14,2022-11-21,09:54:35,,,,,57.875,500.0,Q  
12948,Security_5,15,2022-11-21,09:54:38,,,43.0312,3700.0,,,Q  
12949,Security_5,16,2022-11-21,09:54:38,42.9688,6800.0,,,,,T  
12961,Security_91,15,2022-11-21,09:54:41,42.0,6300.0,,,,,T  
12962,Security_52,19,2022-11-21,09:54:41,,,20.1562,3200.0,,,Q  
12965,Security_11,18,2022-11-21,09:54:42,73.0625,8400.0,,,,,CT 
12976,Security_96,7,2022-11-21,09:54:45,,,,,0.0625,9100.0,Q  
12999,Security_27,16,2022-11-21,09:54:51,,,31.125,6700.0,,,Q  
13001,Security_23,20,2022-11-21,09:54:52,53.0625,3100.0,,,,,CT 
13004,Security_57,5,2022-11-21,09:54:52,,,64.0625,1900.0,,,Q  
13008,Security_43,10,2022-11-21,09:54:54,10.0312,1500.0,,,,,T  
13012,Security_60,17,2022-11-21,09:54:55,72.0938,9900.0,,,,,T  
13014,Security_15,14,2022-11-21,09:54:55,,,31.125,9300.0,,,Q  
13015,Security_36,19,2022-11-21,09:54:55,,,51.0625,1100.0,,,Q  
13017,Security_60,18,2022-11-21,09:54:56,72.0938,5200.0,,,,,CT 
13019,Security_82,9,2022-11-21,09:54:56,31.0,1700.0,,,,,CT 
13032,Security_5,17,2022-11-21,09:55:00,42.9688,4400.0,,,,,T  
13036,Security_36,20,2022-11-21,09:55:01,51.0,5500.0,,,,,T  
13042,Security_29,13,2022-11-21,09:55:02,11.2188,9100.0,,,,,CT 
13046,Security_88,12,2022-11-21,09:55:03,,,32.1562,5600.0,,,Q  
13047,Security_35,15,2022-11-21,09:55:03,,,57.875,5800.0,,,Q  
13076,Security_16,20,2022-11-21,09:55:11,,,97.1875,5000.0,,,Q  
13088,Security_30,11,2022-11-21,09:55:14,22.0,300.0,,,,,T  
13089,Security_7,13,2022-11-21,09:55:14,47.0312,9700.0,,,,,CT 
13095,Security_41,17,2022-11-21,09:55:15,,,,,16.125,5300.0,Q  
13098,Security_49,11,2022-11-21,09:55:16,62.0938,9200.0,,,,,T  
13104,Security_59,19,2022-11-21,09:55:18,,,90.1875,7600.0,,,Q  
13118,Security_31,12,2022-11-21,09:55:21,67.9688,4900.0,,,,,T  
13125,Security_21,12,2022-11-21,09:55:23,11.9375,400.0,,,,,CT 
13127,Security_20,15,2022-11-21,09:55:23,55.0312,3900.0,,,,,T  
13136,Security_85,15,2022-11-21,09:55:26,,,27.0938,4500.0,,,Q  
13145,Security_97,14,2022-11-21,09:55:28,84.0312,9900.0,,,,,CT 
13181,Security_17,13,2022-11-21,09:55:37,,,76.0938,4300.0,,,Q  
13188,Security_77,21,2022-11-21,09:55:39,,,,,49.0,9100.0,Q  
13205,Security_51,16,2022-11-21,09:55:43,32.0312,7500.0,,,,,T  
13289,Security_82,10,2022-11-21,09:56:04,,,31.0312,4600.0,,,Q  
13237,Security_76,11,2022-11-21,09:55:51,,,83.0938,2400.0,,,Q  
13252,Security_0,16,2022-11-21,09:55:55,,,95.0,900.0,,,Q  
13264,Security_38,16,2022-11-21,09:55:58,,,29.125,4000.0,,,Q  
13296,Security_79,15,2022-11-21,09:56:06,,,,,39.0,2800.0,Q  
13313,Security_54,20,2022-11-21,09:56:10,27.0938,7200.0,,,,,CT 
13316,Security_69,13,2022-11-21,09:56:11,,,,,77.0,4200.0,Q  
13319,Security_13,13,2022-11-21,09:56:12,27.0,8700.0,,,,,CT 
13335,Security_17,14,2022-11-21,09:56:16,76.0312,5800.0,,,,,CT 
13352,Security_27,17,2022-11-21,09:56:20,,,,,31.0312,5600.0,Q  
13354,Security_60,19,2022-11-21,09:56:21,72.0938,3400.0,,,,,T  
13360,Security_67,9,2022-11-21,09:56:22,,,,,63.0,2700.0,Q  
13392,Security_40,15,2022-11-21,09:56:30,,,10.0312,6100.0,,,Q  
13435,Security_93,14,2022-11-21,09:56:42,,,,,73.0312,4800.0,Q  
13439,Security_44,12,2022-11-21,09:56:43,15.1562,2300.0,,,,,CT 
13440,Security_83,15,2022-11-21,09:56:43,82.1562,7500.0,,,,,T  
13441,Security_57,6,2022-11-21,09:56:43,64.0,9600.0,,,,,CT 
13443,Security_8,16,2022-11-21,09:56:44,,,,,81.125,7900.0,Q  
13456,Security_58,12,2022-11-21,09:56:47,49.0312,5200.0,,,,,CT 
13462,Security_11,19,2022-11-21,09:56:48,73.0625,3500.0,,,,,T  
13474,Security_3,13,2022-11-21,09:56:52,45.9062,1000.0,,,,,CT 
13481,Security_86,15,2022-11-21,09:56:53,29.0938,100.0,,,,,T  
13488,Security_49,12,2022-11-21,09:56:55,,,,,62.0938,500.0,Q  
13495,Security_44,13,2022-11-21,09:56:57,,,,,15.1562,6900.0,Q  
13505,Security_46,22,2022-11-21,09:56:59,,,47.0312,9300.0,,,Q  
13506,Security_82,11,2022-11-21,09:57:00,31.0,600.0,,,,,CT 
13511,Security_89,16,2022-11-21,09:57:01,,,,,85.0625,1800.0,Q  
13513,Security_56,10,2022-11-21,09:57:01,25.0625,9500.0,,,,,T  
13522,Security_60,20,2022-11-21,09:57:04,,,72.0938,9700.0,,,Q  
13527,Security_99,9,2022-11-21,09:57:05,86.9375,1500.0,,,,,CT 
13535,Security_64,14,2022-11-21,09:57:07,56.0625,1700.0,,,,,CT 
13537,Security_80,9,2022-11-21,09:57:08,80.0,9100.0,,,,,CT 
13538,Security_9,15,2022-11-21,09:57:08,,,,,61.0625,9900.0,Q  
13551,Security_14,11,2022-11-21,09:57:11,,,82.1875,5000.0,,,Q  
13569,Security_53,9,2022-11-21,09:57:16,,,,,21.0625,7800.0,Q  
13581,Security_70,23,2022-11-21,09:57:19,61.0,2600.0,,,,,T  
13585,Security_61,13,2022-11-21,09:57:20,,,,,53.0625,8800.0,Q  
13617,Security_98,13,2022-11-21,09:57:28,23.0312,7400.0,,,,,T  
13630,Security_14,12,2022-11-21,09:57:31,82.0938,2000.0,,,,,CT 
13636,Security_77,22,2022-11-21,09:57:32,49.0,2400.0,,,,,T  
13670,Security_16,21,2022-11-21,09:57:41,97.1875,5900.0,,,,,CT 
13675,Security_9,16,2022-11-21,09:57:42,61.0625,3000.0,,,,,CT 
13676,Security_12,11,2022-11-21,09:57:42,,,20.0312,7500.0,,,Q  
13688,Security_95,15,2022-11-21,09:57:46,1.0312,9800.0,,,,,CT 
13690,Security_13,14,2022-11-21,09:57:46,27.0,2800.0,,,,,T  
13703,Security_46,23,2022-11-21,09:57:49,,,47.0938,8000.0,,,Q  
13738,Security_63,12,2022-11-21,09:57:58,,,15.0,1800.0,,,Q  
13743,Security_2,19,2022-11-21,09:57:59,,,,,90.1562,9000.0,Q  
13745,Security_4,11,2022-11-21,09:58:00,,,62.0312,9800.0,,,Q  
13746,Security_49,13,2022-11-21,09:58:00,,,62.1562,9400.0,,,Q  
13757,Security_47,18,2022-11-21,09:58:03,,,,,63.1562,9700.0,Q  
13763,Security_9,17,2022-11-21,09:58:04,,,,,61.0625,4500.0,Q  
13808,Security_61,14,2022-11-21,09:58:16,,,,,53.0625,4400.0,Q  
13820,Security_92,15,2022-11-21,09:58:19,,,,,2.0312,7100.0,Q  
13821,Security_66,12,2022-11-21,09:58:19,,,,,3.0938,3100.0,Q  
13831,Security_17,15,2022-11-21,09:58:22,76.0312,9200.0,,,,,T  
13842,Security_62,10,2022-11-21,09:58:24,53.0,200.0,,,,,T  
13854,Security_55,15,2022-11-21,09:58:27,,,27.1562,6300.0,,,Q  
13855,Security_16,22,2022-11-21,09:58:28,,,97.2188,2000.0,,,Q  
13859,Security_56,11,2022-11-21,09:58:29,,,25.0938,700.0,,,Q  
13865,Security_37,13,2022-11-21,09:58:30,,,97.0938,5700.0,,,Q  
13873,Security_70,24,2022-11-21,09:58:32,61.0,3600.0,,,,,T  
13885,Security_96,8,2022-11-21,09:58:35,,,,,0.0312,8100.0,Q  
13888,Security_12,12,2022-11-21,09:58:36,19.9688,8600.0,,,,,T  
13904,Security_35,16,2022-11-21,09:58:40,57.875,6100.0,,,,,CT 
13905,Security_81,12,2022-11-21,09:58:40,,,95.2188,300.0,,,Q  
13908,Security_73,11,2022-11-21,09:58:41,,,66.0625,800.0,,,Q  
13919,Security_60,21,2022-11-21,09:58:44,72.0938,8000.0,,,,,T  
13941,Security_49,14,2022-11-21,09:58:49,,,,,62.0938,5400.0,Q  
13947,Security_27,18,2022-11-21,09:58:51,,,,,31.0625,8500.0,Q  
13950,Security_12,13,2022-11-21,09:58:52,,,20.0312,1100.0,,,Q  
13958,Security_77,23,2022-11-21,09:58:54,49.0,9100.0,,,,,CT 
13969,Security_12,14,2022-11-21,09:58:56,,,20.0,100.0,,,Q  
13983,Security_9,18,2022-11-21,09:59:00,61.0625,3000.0,,,,,CT 
14020,Security_64,15,2022-11-21,09:59:09,,,56.1562,8600.0,,,Q  
14042,Security_96,9,2022-11-21,09:59:15,0.0312,4900.0,,,,,CT 
14045,Security_72,14,2022-11-21,09:59:15,80.875,1000.0,,,,,CT 
14048,Security_92,16,2022-11-21,09:59:16,,,2.0312,7400.0,,,Q  
14055,Security_35,17,2022-11-21,09:59:18,,,,,57.875,2700.0,Q  
14056,Security_82,12,2022-11-21,09:59:18,31.0,2200.0,,,,,T  
14058,Security_95,16,2022-11-21,09:59:19,1.0312,100.0,,,,,T  
14065,Security_34,11,2022-11-21,09:59:20,,,52.0312,5300.0,,,Q  
14080,Security_99,10,2022-11-21,09:59:24,,,,,86.875,600.0,Q  
14091,Security_77,24,2022-11-21,09:59:27,,,,,49.0,7200.0,Q  
14104,Security_0,17,2022-11-21,09:59:30,94.9688,2200.0,,,,,T  
14109,Security_12,15,2022-11-21,09:59:31,,,,,19.9688,7200.0,Q  
14110,Security_97,15,2022-11-21,09:59:32,84.0312,6100.0,,,,,T  
14119,Security_59,20,2022-11-21,09:59:34,90.0938,6200.0,,,,,T  
14140,Security_24,19,2022-11-21,09:59:39,46.0625,9500.0,,,,,T  
14172,Security_97,16,2022-11-21,09:59:47,,,,,84.0,2700.0,Q  
14193,Security_23,21,2022-11-21,09:59:53,53.0625,3600.0,,,,,T  
14205,Security_23,22,2022-11-21,09:59:56,,,,,53.0312,9400.0,Q  
14230,Security_30,12,2022-11-21,10:01:02,,,22.0312,5900.0,,,Q  
14271,Security_34,12,2022-11-21,10:01:13,,,52.0,8100.0,,,Q  
14289,Security_89,18,2022-11-21,10:01:17,85.0625,2000.0,,,,,T  
14303,Security_64,16,2022-11-21,10:01:21,,,,,56.0,6500.0,Q  
14309,Security_48,11,2022-11-21,10:01:22,,,63.0938,1100.0,,,Q  
14314,Security_8,17,2022-11-21,10:01:24,81.125,4800.0,,,,,CT 
14334,Security_30,13,2022-11-21,10:01:29,,,22.0938,1500.0,,,Q  
14342,Security_45,9,2022-11-21,10:01:31,86.9688,4600.0,,,,,T  
14350,Security_38,18,2022-11-21,10:01:33,,,29.125,5600.0,,,Q  
14351,Security_90,14,2022-11-21,10:01:33,50.0,9900.0,,,,,T  
14363,Security_1,17,2022-11-21,10:01:36,4.0625,5200.0,,,,,CT 
14369,Security_57,7,2022-11-21,10:01:37,,,64.0938,9500.0,,,Q  
14372,Security_57,8,2022-11-21,10:01:38,64.0,8000.0,,,,,T  
14386,Security_51,18,2022-11-21,10:01:42,32.0,3700.0,,,,,CT 
14387,Security_70,25,2022-11-21,10:01:42,61.0,5700.0,,,,,T  
14389,Security_72,16,2022-11-21,10:01:42,,,80.9062,6600.0,,,Q  
14407,Security_49,15,2022-11-21,10:01:47,,,,,62.0625,7200.0,Q  
14414,Security_39,15,2022-11-21,10:01:49,76.0938,7000.0,,,,,T  
14446,Security_24,20,2022-11-21,10:01:57,46.0625,8600.0,,,,,T  
14464,Security_33,22,2022-11-21,10:02:01,68.875,7200.0,,,,,T  
14485,Security_95,18,2022-11-21,10:02:07,,,,,1.0,9300.0,Q  
14489,Security_11,21,2022-11-21,10:02:08,,,73.1562,1500.0,,,Q  
14491,Security_16,23,2022-11-21,10:02:08,97.1875,8200.0,,,,,CT 
14500,Security_18,21,2022-11-21,10:02:11,45.0625,7200.0,,,,,CT 
14516,Security_7,15,2022-11-21,10:02:15,,,47.0625,8700.0,,,Q  
14519,Security_83,16,2022-11-21,10:02:15,82.1562,1600.0,,,,,T  
14520,Security_80,10,2022-11-21,10:02:16,,,80.0312,800.0,,,Q  
14541,Security_90,15,2022-11-21,10:02:21,,,50.0312,8600.0,,,Q  
14547,Security_89,19,2022-11-21,10:02:22,,,,,85.125,6500.0,Q  
14558,Security_15,15,2022-11-21,10:02:25,,,,,31.0938,2500.0,Q  
14601,Security_7,16,2022-11-21,10:02:36,47.0,1700.0,,,,,T  
14614,Security_0,19,2022-11-21,10:02:39,94.9688,2700.0,,,,,CT 
14626,Security_4,12,2022-11-21,10:02:42,,,,,61.9688,9600.0,Q  
14627,Security_54,21,2022-11-21,10:02:42,,,27.0938,7200.0,,,Q  
14730,Security_7,17,2022-11-21,10:03:09,,,,,46.9375,4700.0,Q  
14655,Security_64,17,2022-11-21,10:02:49,,,,,56.0625,7300.0,Q  
14661,Security_33,23,2022-11-21,10:02:51,68.875,8000.0,,,,,T  
14667,Security_69,14,2022-11-21,10:02:52,77.0,8500.0,,,,,CT 
14681,Security_44,14,2022-11-21,10:02:56,15.1562,6000.0,,,,,T  
14688,Security_66,13,2022-11-21,10:02:58,,,3.0938,3600.0,,,Q  
14701,Security_71,19,2022-11-21,10:03:01,92.0625,5200.0,,,,,T  
14719,Security_26,13,2022-11-21,10:03:06,,,,,5.0625,7700.0,Q  
14721,Security_3,16,2022-11-21,10:03:06,45.9062,6600.0,,,,,CT 
14725,Security_56,12,2022-11-21,10:03:07,,,25.125,1100.0,,,Q  
14738,Security_60,23,2022-11-21,10:03:11,72.0312,2000.0,,,,,CT 
14741,Security_55,16,2022-11-21,10:03:11,,,27.0938,3100.0,,,Q  
14742,Security_53,10,2022-11-21,10:03:12,21.0625,6600.0,,,,,T  
14781,Security_53,11,2022-11-21,10:03:21,21.0625,5600.0,,,,,CT 
14786,Security_96,10,2022-11-21,10:03:23,,,0.0938,1100.0,,,Q  
14794,Security_53,12,2022-11-21,10:03:25,,,21.0625,5700.0,,,Q  
14798,Security_31,13,2022-11-21,10:03:26,,,,,68.0,9900.0,Q  
14799,Security_8,18,2022-11-21,10:03:26,81.125,7000.0,,,,,T  
14824,Security_74,13,2022-11-21,10:03:32,93.0,8400.0,,,,,CT 
14829,Security_73,12,2022-11-21,10:03:34,,,66.0625,4100.0,,,Q  
14838,Security_8,19,2022-11-21,10:03:36,81.125,1400.0,,,,,CT 
14844,Security_33,24,2022-11-21,10:03:37,,,68.875,4100.0,,,Q  
14858,Security_41,18,2022-11-21,10:03:41,,,16.2188,4100.0,,,Q  
14866,Security_47,19,2022-11-21,10:03:43,,,,,63.1562,6600.0,Q  
14943,Security_30,14,2022-11-21,10:04:03,22.0,8200.0,,,,,CT 
14982,Security_17,16,2022-11-21,10:04:12,76.0312,8300.0,,,,,CT 
14986,Security_50,11,2022-11-21,10:04:13,43.0938,1900.0,,,,,T  
15002,Security_32,16,2022-11-21,10:04:17,82.0312,8300.0,,,,,T  
15016,Security_49,16,2022-11-21,10:04:21,62.0625,6400.0,,,,,T  
15028,Security_11,22,2022-11-21,10:04:25,73.0625,5000.0,,,,,T  
15029,Security_96,11,2022-11-21,10:04:25,0.0312,8700.0,,,,,T  
15036,Security_6,14,2022-11-21,10:04:27,57.9688,5900.0,,,,,T  
15040,Security_72,17,2022-11-21,10:04:28,,,,,80.875,9500.0,Q  
15046,Security_94,16,2022-11-21,10:04:29,,,67.0938,3800.0,,,Q  
15048,Security_74,14,2022-11-21,10:04:30,,,,,93.0,2800.0,Q  
15060,Security_2,20,2022-11-21,10:04:33,,,,,90.0938,9000.0,Q  
15066,Security_24,21,2022-11-21,10:04:34,,,,,46.125,3400.0,Q  
15071,Security_66,14,2022-11-21,10:04:36,,,,,3.0938,2100.0,Q  
15077,Security_4,13,2022-11-21,10:04:37,61.9688,500.0,,,,,CT 
15102,Security_46,24,2022-11-21,10:04:43,47.0312,8400.0,,,,,T  
15113,Security_56,13,2022-11-21,10:04:46,25.0625,8200.0,,,,,T  
15136,Security_74,15,2022-11-21,10:04:52,93.0,8800.0,,,,,CT 
15149,Security_57,9,2022-11-21,10:04:55,,,64.0312,3200.0,,,Q  
15163,Security_91,16,2022-11-21,10:04:59,42.0,3900.0,,,,,CT 
15164,Security_6,15,2022-11-21,10:04:59,57.9688,3500.0,,,,,CT 
15178,Security_27,19,2022-11-21,10:05:02,31.0625,4300.0,,,,,CT 
15179,Security_65,12,2022-11-21,10:05:03,,,,,54.0625,6100.0,Q  
15184,Security_85,16,2022-11-21,10:05:04,27.0938,2100.0,,,,,T  
15191,Security_72,18,2022-11-21,10:05:06,80.875,7200.0,,,,,T  
15211,Security_36,21,2022-11-21,10:05:11,51.0,5600.0,,,,,CT 
15220,Security_65,13,2022-11-21,10:05:13,54.0625,8200.0,,,,,T  
15221,Security_79,16,2022-11-21,10:05:13,,,,,38.9375,7400.0,Q  
15226,Security_37,15,2022-11-21,10:05:15,97.0,7100.0,,,,,T  
15230,Security_57,10,2022-11-21,10:05:16,,,64.0312,900.0,,,Q  
15242,Security_33,25,2022-11-21,10:05:19,,,,,68.8438,7000.0,Q  
15247,Security_94,17,2022-11-21,10:05:20,,,,,67.0,9500.0,Q  
15252,Security_3,17,2022-11-21,10:05:21,,,45.9375,2900.0,,,Q  
15257,Security_91,17,2022-11-21,10:05:22,42.0,7000.0,,,,,T  
15281,Security_34,13,2022-11-21,10:05:28,51.9375,4200.0,,,,,T  
15282,Security_47,20,2022-11-21,10:05:29,,,63.1562,6000.0,,,Q  
15287,Security_56,14,2022-11-21,10:05:30,25.0625,2700.0,,,,,CT 
15294,Security_49,17,2022-11-21,10:05:32,62.0625,4400.0,,,,,CT 
15308,Security_40,16,2022-11-21,10:05:35,,,10.0312,1600.0,,,Q  
15313,Security_9,20,2022-11-21,10:05:36,,,,,61.1562,5600.0,Q  
15316,Security_9,21,2022-11-21,10:05:37,,,61.2188,9500.0,,,Q  
15348,Security_26,14,2022-11-21,10:05:45,5.0625,1600.0,,,,,CT 
15352,Security_24,22,2022-11-21,10:05:46,,,,,46.0625,6300.0,Q  
15366,Security_95,19,2022-11-21,10:05:50,1.0,2400.0,,,,,T  
15381,Security_58,13,2022-11-21,10:05:54,49.0312,6000.0,,,,,T  
15402,Security_51,19,2022-11-21,10:05:59,32.0,6900.0,,,,,T  
15411,Security_3,18,2022-11-21,10:06:01,45.9062,7400.0,,,,,T  
15423,Security_97,17,2022-11-21,10:06:04,84.0,1600.0,,,,,CT 
15426,Security_27,20,2022-11-21,10:06:05,31.0625,4500.0,,,,,T  
15427,Security_87,11,2022-11-21,10:06:05,98.0625,6800.0,,,,,CT 
15452,Security_95,20,2022-11-21,10:06:11,,,1.0938,2300.0,,,Q  
15454,Security_76,12,2022-11-21,10:06:12,,,83.1562,2400.0,,,Q  
15464,Security_48,12,2022-11-21,10:06:14,63.0625,1800.0,,,,,CT 
15494,Security_55,17,2022-11-21,10:06:22,27.0625,3900.0,,,,,T  
15509,Security_20,16,2022-11-21,10:06:26,,,55.125,7400.0,,,Q  
15516,Security_50,12,2022-11-21,10:06:27,43.0938,5600.0,,,,,T  
15519,Security_14,14,2022-11-21,10:06:28,,,82.125,3900.0,,,Q  
15525,Security_32,17,2022-11-21,10:06:30,,,82.0312,200.0,,,Q  
15556,Security_88,15,2022-11-21,10:06:38,32.0312,5500.0,,,,,CT 
15561,Security_52,20,2022-11-21,10:06:39,,,,,20.0625,200.0,Q  
15574,Security_79,17,2022-11-21,10:06:42,,,,,38.9375,1900.0,Q  
15601,Security_69,15,2022-11-21,10:06:49,77.0,3800.0,,,,,CT 
15605,Security_21,13,2022-11-21,10:06:50,,,11.9375,5400.0,,,Q  
15624,Security_74,16,2022-11-21,10:06:55,93.0,4800.0,,,,,T  
17311,Security_52,21,2022-11-21,10:14:01,20.0625,4100.0,,,,,T  
15652,Security_24,23,2022-11-21,10:07:02,46.0625,700.0,,,,,CT 
15667,Security_81,13,2022-11-21,10:07:05,95.125,3200.0,,,,,CT 
15674,Security_50,13,2022-11-21,10:07:07,,,43.1875,8200.0,,,Q  
15681,Security_42,9,2022-11-21,10:07:09,,,41.0938,2600.0,,,Q  
15689,Security_6,16,2022-11-21,10:07:11,57.9688,6200.0,,,,,CT 
15696,Security_47,21,2022-11-21,10:07:13,,,,,63.0938,3800.0,Q  
15698,Security_86,17,2022-11-21,10:07:13,29.0938,9600.0,,,,,T  
15700,Security_15,16,2022-11-21,10:07:14,31.0938,8000.0,,,,,T  
15754,Security_54,22,2022-11-21,10:07:27,,,,,27.0938,4200.0,Q  
15758,Security_41,19,2022-11-21,10:07:28,,,,,16.125,8700.0,Q  
15759,Security_86,18,2022-11-21,10:07:28,29.0938,9800.0,,,,,T  
15780,Security_89,20,2022-11-21,10:07:34,85.125,2200.0,,,,,T  
17616,Security_83,18,2022-11-21,10:15:19,82.1562,6200.0,,,,,CT 
15793,Security_40,17,2022-11-21,10:07:37,,,10.0,4000.0,,,Q  
15813,Security_56,15,2022-11-21,10:07:42,25.0625,5800.0,,,,,T  
15823,Security_61,15,2022-11-21,10:07:44,,,,,53.125,5600.0,Q  
15826,Security_81,14,2022-11-21,10:07:45,,,95.1875,2700.0,,,Q  
15836,Security_86,19,2022-11-21,10:07:48,29.0938,2000.0,,,,,CT 
15848,Security_0,20,2022-11-21,10:07:51,,,,,94.9062,800.0,Q  
15851,Security_56,16,2022-11-21,10:07:52,,,,,25.0938,7000.0,Q  
15856,Security_67,10,2022-11-21,10:07:53,63.0,9100.0,,,,,CT 
15863,Security_96,12,2022-11-21,10:07:55,0.0312,7300.0,,,,,CT 
15891,Security_24,24,2022-11-21,10:08:02,,,,,46.0625,1100.0,Q  
15893,Security_91,18,2022-11-21,10:08:02,42.0,2000.0,,,,,CT 
15894,Security_97,18,2022-11-21,10:08:03,84.0,6500.0,,,,,T  
15906,Security_90,16,2022-11-21,10:08:06,50.0,1600.0,,,,,T  
15917,Security_64,18,2022-11-21,10:08:09,,,,,56.0625,3700.0,Q  
15936,Security_87,12,2022-11-21,10:08:13,,,,,98.0625,8000.0,Q  
15945,Security_19,13,2022-11-21,10:08:16,,,0.9688,600.0,,,Q  
15950,Security_49,18,2022-11-21,10:08:17,62.0625,9800.0,,,,,T  
15952,Security_30,15,2022-11-21,10:08:17,22.0,8600.0,,,,,T  
15955,Security_53,13,2022-11-21,10:08:18,21.0625,1900.0,,,,,T  
15958,Security_38,19,2022-11-21,10:08:19,,,29.0312,7800.0,,,Q  
15969,Security_29,14,2022-11-21,10:08:22,,,,,11.2812,6600.0,Q  
16006,Security_98,14,2022-11-21,10:08:31,23.0312,4400.0,,,,,T  
16033,Security_12,16,2022-11-21,10:08:38,,,,,19.9375,3400.0,Q  
16040,Security_31,14,2022-11-21,10:08:39,68.0,6500.0,,,,,CT 
16042,Security_79,18,2022-11-21,10:08:40,,,,,38.9688,4700.0,Q  
16044,Security_99,11,2022-11-21,10:08:40,,,,,86.875,8600.0,Q  
16048,Security_74,17,2022-11-21,10:08:41,93.0,5800.0,,,,,T  
16061,Security_90,17,2022-11-21,10:08:45,50.0,5900.0,,,,,T  
16062,Security_29,15,2022-11-21,10:08:45,11.2812,3000.0,,,,,CT 
16066,Security_23,23,2022-11-21,10:08:46,,,53.0312,9000.0,,,Q  
16071,Security_73,13,2022-11-21,10:08:47,,,,,66.0,8300.0,Q  
16082,Security_43,12,2022-11-21,10:08:50,,,10.0625,300.0,,,Q  
16085,Security_31,15,2022-11-21,10:08:51,68.0,1200.0,,,,,T  
16089,Security_63,13,2022-11-21,10:08:52,,,15.0938,1700.0,,,Q  
16095,Security_43,13,2022-11-21,10:08:53,,,,,10.0312,9500.0,Q  
16097,Security_79,19,2022-11-21,10:08:54,,,,,38.9688,1600.0,Q  
16098,Security_6,17,2022-11-21,10:08:54,57.9688,8600.0,,,,,T  
16106,Security_23,24,2022-11-21,10:08:56,53.0312,7800.0,,,,,CT 
16113,Security_92,17,2022-11-21,10:08:58,2.0312,600.0,,,,,T  
16124,Security_45,10,2022-11-21,10:09:00,,,,,86.9375,4600.0,Q  
16136,Security_11,23,2022-11-21,10:09:03,,,73.0625,7500.0,,,Q  
16140,Security_17,17,2022-11-21,10:09:04,76.0312,2500.0,,,,,T  
16149,Security_41,20,2022-11-21,10:09:07,,,,,16.125,9200.0,Q  
16153,Security_41,21,2022-11-21,10:09:08,16.125,5200.0,,,,,CT 
16158,Security_71,20,2022-11-21,10:09:09,,,,,92.0312,4100.0,Q  
16167,Security_19,14,2022-11-21,10:09:11,0.9375,4000.0,,,,,T  
16176,Security_24,25,2022-11-21,10:09:14,46.0625,7200.0,,,,,T  
16195,Security_56,17,2022-11-21,10:09:18,25.0938,3300.0,,,,,CT 
16204,Security_2,21,2022-11-21,10:09:21,,,,,90.0625,3500.0,Q  
16205,Security_59,21,2022-11-21,10:09:21,90.0938,8000.0,,,,,T  
16212,Security_99,12,2022-11-21,10:09:23,,,,,86.9062,4600.0,Q  
16215,Security_39,16,2022-11-21,10:09:23,76.0938,7000.0,,,,,CT 
16232,Security_39,17,2022-11-21,10:09:28,76.0938,1100.0,,,,,CT 
16236,Security_89,21,2022-11-21,10:09:29,,,85.1562,7000.0,,,Q  
16242,Security_37,16,2022-11-21,10:09:30,,,97.0625,9900.0,,,Q  
16256,Security_13,15,2022-11-21,10:09:34,,,27.0938,1600.0,,,Q  
16280,Security_48,13,2022-11-21,10:09:40,63.0625,2800.0,,,,,T  
16283,Security_23,25,2022-11-21,10:09:41,,,53.0312,9000.0,,,Q  
16289,Security_38,20,2022-11-21,10:09:42,29.0312,2900.0,,,,,T  
16300,Security_75,18,2022-11-21,10:09:45,,,35.1562,8800.0,,,Q  
16301,Security_50,14,2022-11-21,10:09:45,,,,,43.1562,7400.0,Q  
16316,Security_71,21,2022-11-21,10:09:49,92.0312,9300.0,,,,,T  
16319,Security_12,17,2022-11-21,10:09:50,19.9375,4300.0,,,,,T  
16320,Security_93,15,2022-11-21,10:09:50,,,,,73.0,8200.0,Q  
16323,Security_63,14,2022-11-21,10:09:51,15.0,8900.0,,,,,T  
16329,Security_30,16,2022-11-21,10:09:53,22.0,2800.0,,,,,CT 
16331,Security_35,18,2022-11-21,10:09:53,,,,,57.875,6800.0,Q  
16332,Security_73,14,2022-11-21,10:09:53,66.0,4300.0,,,,,T  
16343,Security_42,10,2022-11-21,10:09:56,41.0625,3200.0,,,,,CT 
16346,Security_19,15,2022-11-21,10:09:57,0.9375,7400.0,,,,,CT 
16370,Security_22,22,2022-11-21,10:10:03,17.9375,2500.0,,,,,CT 
16373,Security_38,21,2022-11-21,10:10:04,,,29.0938,3400.0,,,Q  
16390,Security_62,11,2022-11-21,10:10:08,,,,,52.9375,3100.0,Q  
16396,Security_29,16,2022-11-21,10:10:10,11.2812,6200.0,,,,,T  
16399,Security_23,26,2022-11-21,10:10:10,,,,,52.9688,4000.0,Q  
16410,Security_44,15,2022-11-21,10:10:13,15.1562,4000.0,,,,,CT 
16414,Security_63,15,2022-11-21,10:10:14,15.0,5500.0,,,,,CT 
16421,Security_72,19,2022-11-21,10:10:16,,,80.9062,1200.0,,,Q  
16439,Security_63,16,2022-11-21,10:10:20,15.0,2600.0,,,,,T  
16441,Security_81,15,2022-11-21,10:10:21,,,,,95.1562,3100.0,Q  
16447,Security_45,11,2022-11-21,10:10:22,86.9375,4900.0,,,,,T  
16448,Security_62,12,2022-11-21,10:10:23,,,52.9688,3200.0,,,Q  
16465,Security_14,15,2022-11-21,10:10:27,82.0938,700.0,,,,,T  
16470,Security_38,22,2022-11-21,10:10:28,,,,,28.9688,1700.0,Q  
16486,Security_33,26,2022-11-21,10:10:32,68.8438,2800.0,,,,,T  
16494,Security_63,17,2022-11-21,10:10:34,,,,,15.0,3000.0,Q  
16500,Security_86,20,2022-11-21,10:10:36,,,,,29.0312,2500.0,Q  
16503,Security_19,16,2022-11-21,10:10:36,0.9375,7500.0,,,,,CT 
16522,Security_17,18,2022-11-21,10:10:41,76.0312,1800.0,,,,,CT 
16526,Security_27,21,2022-11-21,10:10:42,31.0625,1800.0,,,,,CT 
16531,Security_78,8,2022-11-21,10:10:43,67.9375,300.0,,,,,CT 
16537,Security_95,21,2022-11-21,10:10:45,,,1.0938,5100.0,,,Q  
16560,Security_3,19,2022-11-21,10:10:51,45.9062,5000.0,,,,,T  
16571,Security_96,13,2022-11-21,10:10:54,0.0312,5000.0,,,,,T  
16579,Security_19,17,2022-11-21,10:10:56,,,,,1.0,5600.0,Q  
16581,Security_70,26,2022-11-21,10:10:56,61.0,4100.0,,,,,T  
16605,Security_93,16,2022-11-21,10:11:02,,,,,73.0,1800.0,Q  
16608,Security_98,15,2022-11-21,10:11:03,23.0312,7900.0,,,,,T  
16618,Security_31,16,2022-11-21,10:11:06,,,68.0312,2200.0,,,Q  
16625,Security_89,22,2022-11-21,10:11:07,85.125,5800.0,,,,,T  
16630,Security_19,18,2022-11-21,10:11:09,,,,,1.0625,9400.0,Q  
16643,Security_40,18,2022-11-21,10:11:12,,,,,10.0625,6100.0,Q  
16669,Security_43,14,2022-11-21,10:11:19,,,10.0312,3700.0,,,Q  
16670,Security_54,23,2022-11-21,10:11:19,27.0938,1700.0,,,,,CT 
18375,Security_30,20,2022-11-21,10:18:31,22.0,700.0,,,,,CT 
16720,Security_24,26,2022-11-21,10:11:31,,,46.125,300.0,,,Q  
16725,Security_26,15,2022-11-21,10:11:33,,,5.0938,3900.0,,,Q  
16730,Security_32,18,2022-11-21,10:11:34,,,,,82.0,6500.0,Q  
16733,Security_82,13,2022-11-21,10:11:35,,,31.0625,9800.0,,,Q  
16734,Security_79,20,2022-11-21,10:11:35,,,39.0625,1700.0,,,Q  
16739,Security_19,19,2022-11-21,10:11:36,,,1.0938,9000.0,,,Q  
16756,Security_21,14,2022-11-21,10:11:41,11.9375,8200.0,,,,,T  
16770,Security_20,17,2022-11-21,10:11:44,55.0312,8700.0,,,,,T  
16793,Security_26,16,2022-11-21,10:11:50,,,5.1562,900.0,,,Q  
16806,Security_39,18,2022-11-21,10:11:53,76.0938,900.0,,,,,CT 
16810,Security_65,14,2022-11-21,10:11:54,54.0625,9300.0,,,,,CT 
16821,Security_19,20,2022-11-21,10:11:57,,,1.0625,2800.0,,,Q  
16833,Security_92,18,2022-11-21,10:12:00,2.0312,3000.0,,,,,T  
16838,Security_39,19,2022-11-21,10:12:01,76.0938,8400.0,,,,,T  
16839,Security_9,22,2022-11-21,10:12:02,61.1562,6100.0,,,,,T  
16848,Security_3,20,2022-11-21,10:12:04,45.9062,1700.0,,,,,T  
16884,Security_54,24,2022-11-21,10:12:13,,,,,27.0625,2400.0,Q  
16907,Security_92,19,2022-11-21,10:12:20,2.0312,1400.0,,,,,T  
16917,Security_84,15,2022-11-21,10:12:22,45.9062,3900.0,,,,,T  
16927,Security_15,17,2022-11-21,10:12:25,,,,,31.0625,8100.0,Q  
16929,Security_30,17,2022-11-21,10:12:25,22.0,1100.0,,,,,CT 
16940,Security_93,17,2022-11-21,10:12:28,73.0,1800.0,,,,,T  
16946,Security_10,19,2022-11-21,10:12:30,70.125,1300.0,,,,,CT 
16948,Security_39,20,2022-11-21,10:12:30,,,76.125,8100.0,,,Q  
16959,Security_95,22,2022-11-21,10:12:33,,,,,1.0,5900.0,Q  
16962,Security_78,9,2022-11-21,10:12:34,,,,,67.9375,8500.0,Q  
16963,Security_95,23,2022-11-21,10:12:34,1.0,7900.0,,,,,CT 
16964,Security_20,18,2022-11-21,10:12:34,55.0312,9800.0,,,,,CT 
16972,Security_25,13,2022-11-21,10:12:36,75.125,9900.0,,,,,CT 
16976,Security_82,14,2022-11-21,10:12:37,,,31.0,1500.0,,,Q  
16990,Security_86,21,2022-11-21,10:12:41,29.0312,8900.0,,,,,CT 
16996,Security_92,20,2022-11-21,10:12:42,,,2.0625,6500.0,,,Q  
17001,Security_68,18,2022-11-21,10:12:43,33.0625,4100.0,,,,,CT 
17019,Security_36,22,2022-11-21,10:12:48,51.0,4000.0,,,,,CT 
17040,Security_54,25,2022-11-21,10:12:53,,,,,27.0312,5300.0,Q  
17045,Security_90,18,2022-11-21,10:12:54,,,,,49.9688,9100.0,Q  
17049,Security_96,14,2022-11-21,10:12:55,0.0312,3300.0,,,,,T  
17059,Security_79,21,2022-11-21,10:12:58,38.9688,3800.0,,,,,CT 
17063,Security_8,20,2022-11-21,10:12:59,81.125,6900.0,,,,,CT 
17067,Security_67,11,2022-11-21,10:13:00,63.0,4300.0,,,,,T  
17097,Security_65,15,2022-11-21,10:13:08,54.0625,9900.0,,,,,CT 
17116,Security_73,15,2022-11-21,10:13:12,66.0,4100.0,,,,,T  
